@article{te2007patterns,
  title={Patterns in sedentary and exercise behaviors and associations with overweight in 9--14-year-old boys and girls-a cross-sectional study.},
  author={Te Velde, Saskia J and De Bourdeaudhuij, Ilse and Thorsdottir, Inga and Rasmussen, Mette and Hagstr{\"o}mer, Maria and Klepp, Knut-Inge and Brug, Johannes},
  journal={BMC public health},
  volume={7},
  number={1},
  pages={16},
  year={2007},
  publisher={BioMed Central}
}

@article{tan2002aerobic,
  title={Aerobic demands of the dance simulation game},
  author={Tan, Benedict and Aziz, Abdul Rashid and Chua, Kelvin and Teh, Kong Chuan},
  journal={International journal of sports medicine},
  volume={23},
  number={2},
  pages={125--129},
  year={2002},
  publisher={Nova Iorque}
}

@inproceedings{marshall2017misrepresentation,
  title={Misrepresentation of health research in exertion games literature},
  author={Marshall, Joe and Linehan, Conor},
  booktitle={Proceedings of the 2017 CHI Conference on Human Factors in Computing Systems},
  pages={4899--4910},
  year={2017},
  organization={ACM}
}

@article{witte1989kohler,
  title={K{\"o}hler rediscovered: The anti-Ringelmann effect},
  author={Witte, Erich H},
  journal={European Journal of Social Psychology},
  volume={19},
  number={2},
  pages={147--154},
  year={1989},
  publisher={Wiley Online Library}
}

@book{bhf_2015, 
place={London},
title={Physical activity statistics 2015},
publisher={British Heart Foundation},
author={Townsend, Nick and Bhatnagar, Prachi and Wickramasinghe, Kremlin and Rayner, Mike}, 
year={2015}
}

@article{arksey2005scoping,
  title={Scoping studies: towards a methodological framework},
  author={Arksey, Hilary and O'Malley, Lisa},
  journal={International journal of social research methodology},
  volume={8},
  number={1},
  pages={19--32},
  year={2005},
  publisher={Taylor \& Francis}
}

@article{world2010global,
  title={Global recommendations on physical activity for health},
  author={World Health Organization and others},
  year={2010},
  publisher={Geneva: World Health Organization}
}

@article{usguidelines2018,
    title={Physical Activity Guidelines for Americans, 2nd edition},
    publisher={U.S. Department of Health and Human Services, Washington DC USA},
    year={2018}
}

@article{ukguidelines2011,
title={UK Physical Activity Guidelines},
year={2011},
publisher={Department of Health, UK},
url={https://www.gov.uk/government/publications/uk-physical-activity-guidelines}
}


@article{cliff2016objectively,
  title={Objectively measured sedentary behaviour and health and development in children and adolescents: systematic review and meta-analysis},
  author={Cliff, Dylan P and Hesketh, Kylie D and Vella, Stewart A and Hinkley, Trina and Tsiros, Margarita D and Ridgers, Nicola D and Carver, Alison and Veitch, Jenny and Parrish, A-M and Hardy, Louise L and others},
  journal={Obesity Reviews},
  volume={17},
  number={4},
  pages={330--344},
  year={2016},
  publisher={Wiley Online Library}
}

@article{healy2008objectively,
  title={Objectively measured sedentary time, physical activity, and metabolic risk: the Australian Diabetes, Obesity and Lifestyle Study (AusDiab)},
  author={Healy, Genevieve N and Wijndaele, Katrien and Dunstan, David W and Shaw, Jonathan E and Salmon, Jo and Zimmet, Paul Z and Owen, Neville},
  journal={Diabetes care},
  volume={31},
  number={2},
  pages={369--371},
  year={2008},
  publisher={Am Diabetes Assoc}
}

@article{jette1990metabolic,
  title={Metabolic equivalents (METS) in exercise testing, exercise prescription, and evaluation of functional capacity},
  author={Jette, M and Sidney, K and Bl{\"u}mchen, G},
  journal={Clinical cardiology},
  volume={13},
  number={8},
  pages={555--565},
  year={1990},
  publisher={Wiley Online Library}
}