@inproceedings{Sinclair2007ConsiderationsExergames,
  author = {Jeff Sinclair and Philip Hingston and Martin Masek},
  title = {{Considerations for the design of exergames}},
  booktitle = {Proceedings - GRAPHITE 2007, 5th International Conference on Computer Graphics and Interactive Techniques in Australasia and Southeast Asia},
  year = {2007}, 
  pages = {289-295},
  doi = {10.1145/1321261.1321313}}

@inproceedings{Mueller2009ADistance,
  author = {Florian Mueller and Stefan Agamanolis and Frank Vetere and Martin R. Gibbs},
  title = {{A framework for exertion interactions over a distance}},
  booktitle = {Proceedings of the 2009 ACM SIGGRAPH Symposium on Video Games, Sandbox '09},
  year = {2009}, 
  pages = {143-150}}

@article{Foley2010UseReality,
  author = {Louise Foley and Ralph Maddison},
  title = {{Use of active video games to increase physical activity in children: A (virtual) reality?}},
  journal = {Pediatric Exercise Science},
  year = {2010},
  volume = {22},
  number = {1},
  pages = {7-20},
  doi = {10.1123/pes.22.1.7}}

@inproceedings{Whitehead2010ExergameUs,
  author = {Anthony Whitehead and Hannah Johnston and Nicole Nixon and Jo Welch},
  title = {{Exergame effectiveness: What the numbers can tell us}},
  booktitle = {Proceedings - Sandbox 2010: 5th ACM SIGGRAPH Symposium on Video Games},
  year = {2010}, 
  pages = {55-61},
  doi = {10.1145/1836135.1836144}}

@article{Taylor2011ActivityPromotingRehabilitation,
  author = {Matthew J.D. Taylor and Darren McCormick and Teshk Shawis and Rebecca Impson and Murray Griffin},
  title = {{Activity-promoting gaming systems in exercise and rehabilitation}},
  journal = {Journal of Rehabilitation Research and Development},
  year = {2011},
  volume = {48},
  number = {10},
  pages = {1171-1186},
  doi = {10.1682/JRRD.2010.09.0171}}

@incollection{Villani2017AgeingGames,
  author = {Daniela Villani and Silvia Serino and Stefano Triberti and Giuseppe Riva},
  title = {{Ageing positively with digital games}},
  booktitle = {Lecture Notes of the Institute for Computer Sciences, Social-Informatics and Telecommunications Engineering, LNICST},
  year = {2017}, 
  pages = {148-155},
  doi = {10.1007/978-3-319-49655-9_20}}

@article{Mack2017ChancesReview,
  author = {Isabelle Mack and Carolin Bayer and Norbert Schäffeler and Nadine Reiband and Ellen Brölz and Guido Zurstiege and Fernando Fernandez-Aranda and Caterina Gawrilow and Stephan Zipfel},
  title = {{Chances and Limitations of Video Games in the Fight against Childhood Obesity—A Systematic Review}},
  journal = {European Eating Disorders Review},
  year = {2017},
  volume = {25},
  number = {4},
  pages = {237-267},
  doi = {10.1002/erv.2514}}

@article{Brox2011HealthyHealth,
  author = {Ellen Brox and L. Fernandez-Luque and T. Tøllefsen},
  title = {{Healthy gaming - Video game design to promote health}},
  journal = {Applied Clinical Informatics},
  year = {2011},
  volume = {2},
  number = {2},
  pages = {128-142},
  doi = {10.4338/ACI-2010-10-R-0060}}

@article{Laufer2014DoesReview,
  author = {Yocheved Laufer and Gali Dar and Einat Kodesh},
  title = {{Does a Wii-based exercise program enhance balance control of independently functioning older adults? A systematic review}},
  journal = {Clinical Interventions in Aging},
  year = {2014},
  volume = {9},
  number = {None},
  pages = {1803-1813},
  doi = {10.2147/CIA.S69673}}

@article{Peng_2011,
	doi = {10.1089/cyber.2010.0578},
	url = {https://doi.org/10.1089%2Fcyber.2010.0578},
	year = 2011,
	month = {nov},
	publisher = {Mary Ann Liebert Inc},
	volume = {14},
	number = {11},
	pages = {681--688},
	author = {Wei Peng and Jih-Hsuan Lin and Julia Crouse},
	title = {Is Playing Exergames Really Exercising? A Meta-Analysis of Energy Expenditure in Active Video Games},
	journal = {Cyberpsychology, Behavior, and Social Networking}
}

@article{Chao2015EffectsLiterature,
  author = {Ying Yu Chao and Yvonne K. Scherer and Carolyn A. Montgomery},
  title = {{Effects of using nintendo wii™ exergames in older adults: A review of the literature}},
  journal = {Journal of Aging and Health},
  year = {2015},
  volume = {27},
  number = {3},
  pages = {379-402},
  doi = {10.1177/0898264314551171}}

@article{Straker2015EfficientVideogames,
  author = {Leon M. Straker and Ashley A. Fenner and Erin K. Howie and Deborah L. Feltz and Cindy M. Gray and Amy Shirong Lu and Florian Floyd Mueller and Monique Simons and Lisa M. Barnett},
  title = {{Efficient and Effective Change Principles in Active Videogames}},
  journal = {Games for Health Journal},
  year = {2015},
  volume = {4},
  number = {1},
  pages = {43-52},
  doi = {10.1089/g4h.2014.0077}}

@inproceedings{Kiili2012ExerbrainingTraining,
  author = {Kristian Kiili and Pauliina Tuomi Arttu Perttula},
  title = {{Exerbraining for schools: Combining body and brain training}},
  booktitle = {Procedia Computer Science},
  year = {2012}, 
  pages = {163-173},
  doi = {10.1016/j.procs.2012.10.068}}

@article{Thompson2012DesigningDirections,
  author = {Debbe Thompson},
  title = {{Designing serious video games for health behavior change: Current status and future directions}},
  journal = {Journal of Diabetes Science and Technology},
  year = {2012},
  volume = {6},
  number = {4},
  pages = {807-811},
  doi = {10.1177/193229681200600411}}

@article{Barros2012ExergamesProgram,
  author = {Marina Barros and André Neves and Walter Correia and Marcelo Soares},
  title = {{Exergames: The role of ergonomics and design in helping to control childhood obesity through physical and functional exercise program}},
  journal = {Work},
  year = {2012},
  volume = {41},
  number = {SUPPL.1},
  pages = {1208-1211},
  doi = {10.3233/WOR-2012-0644-1208}}

@incollection{Kiili2013AExergames,
  author = {Kristian Kiili and Arttu Perttula},
  title = {{A design framework for educational exergames}},
  booktitle = {New Pedagogical Approaches in Game Enhanced Learning: Curriculum Integration},
  year = {2013}, 
  pages = {136-158},
  doi = {10.4018/978-1-4666-3950-8.ch008}}

@article{Chaput2013ActiveYouth,
  author = {Jean Philippe Chaput and Allana G. LeBlanc and Allison McFarlane and Rachel C. Colley and David Thivel and Stuart J.H. Biddle and Ralph Maddison and Scott T. Leatherdale and Mark S. Tremblay},
  title = {{Active healthy kids canada's position on active video games for children and youth}},
  journal = {Paediatrics and Child Health (Canada)},
  year = {2013},
  volume = {18},
  number = {10},
  pages = {529-532},
  doi = {10.1093/pch/18.10.529}}

@article{LeBlanc2013ActiveReview,
  author = {Allana G. LeBlanc and Jean Philippe Chaput and Allison McFarlane and Rachel C. Colley and David Thivel and Stuart J H Biddle and Ralph Maddison and Scott T. Leatherdale and Mark S. Tremblay},
  title = {{Active Video Games and Health Indicators in Children and Youth: A Systematic Review}},
  journal = {PLoS ONE},
  year = {2013},
  volume = {8},
  number = {6},
  pages = {-},
  doi = {10.1371/journal.pone.0065351}}

@article{Lamboglia2013ExergamingReview,
  author = {Carminda Maria Goersch Fontenele Lamboglia and Vanina Tereza Barbosa Lopes Da Silva and José Eurico De Vasconcelos Filho and Mônica Helena Neves Pereira Pinheiro and Marilene Calderaro Da Silva Munguba and Francisco Valmar Isaias Silva Júnior and Fernando Alberto Ramirez De Paula and Carlos Antônio Bruno Da Silva},
  title = {{Exergaming as a Strategic Tool in the Fight against Childhood Obesity: A Systematic Review}},
  journal = {Journal of Obesity},
  year = {2013},
  volume = {2013},
  number = {None},
  pages = {-},
  doi = {10.1155/2013/438364}}

@article{Cheok2015IsMetaAnalysis,
  author = {Gary Cheok and Dawn Tan and Aiying Low and Jonathan Hewitt},
  title = {{Is Nintendo Wii an Effective Intervention for Individuals With Stroke? A Systematic Review and Meta-Analysis}},
  journal = {Journal of the American Medical Directors Association},
  year = {2015},
  volume = {16},
  number = {11},
  pages = {923-932},
  doi = {10.1016/j.jamda.2015.06.010}}

@article{Peng2013UsingResearch,
  author = {Wei Peng and Julia C. Crouse and Jih Hsuan Lin},
  title = {{Using Active Video Games for Physical Activity Promotion: A Systematic Review of the Current State of Research}},
  journal = {Health Education and Behavior},
  year = {2013},
  volume = {40},
  number = {2},
  pages = {171-192},
  doi = {10.1177/1090198112444956}}

@article{DaGama2015MotorReview,
  author = {Alana Da Gama and Pascal Fallavollita and Veronica Teichrieb and Nassir Navab},
  title = {{Motor Rehabilitation Using Kinect: A Systematic Review}},
  journal = {Games for Health Journal},
  year = {2015},
  volume = {4},
  number = {2},
  pages = {123-135},
  doi = {10.1089/g4h.2014.0047}}

@article{Lyons2013PrevalenceAnalysis,
  author = {Elizabeth Jane Lyons and Claire Hatkevich},
  title = {{Prevalence of behavior changing strategies in fitness video games: Theory-based content analysis}},
  journal = {Journal of Medical Internet Research},
  year = {2013},
  volume = {15},
  number = {5},
  pages = {-},
  doi = {10.2196/jmir.2403}}

@incollection{Marston2013PlayExergames,
  author = {Hannah R. Marston and Philip A. McClenaghan},
  title = {{Play yourself fit: Exercise + videogames = exergames}},
  booktitle = {Serious Games and Virtual Worlds in Education, Professional Development, and Healthcare},
  year = {2013}, 
  pages = {241-257},
  doi = {10.4018/978-1-4666-3673-6.ch015}}

@article{Ruivo2014ExergamesRehabilitation,
  author = {Jorge A. Ruivo},
  title = {{Exergames and cardiac rehabilitation}},
  journal = {Journal of Cardiopulmonary Rehabilitation and Prevention},
  year = {2014},
  volume = {34},
  number = {1},
  pages = {2-20},
  doi = {10.1097/HCR.0000000000000037}}

@article{Tripette2017TheMetaAnalysis,
  author = {Julien Tripette and Haruka Murakami and Katie Rose Ryan and Yuji Ohta and Motohiko Miyachi},
  title = {{The contribution of Nintendo Wii Fit series in the field of health: A systematic review and meta-analysis}},
  journal = {PeerJ},
  year = {2017},
  volume = {2017},
  number = {9},
  pages = {-},
  doi = {10.7717/peerj.3600}}

@article{Pope2017TheMetaAnalysis,
  author = {Zachary Pope and Nan Zeng and Zan Gao},
  title = {{The effects of active video games on patients' rehabilitative outcomes: A meta-analysis}},
  journal = {Preventive Medicine},
  year = {2017},
  volume = {95},
  number = {None},
  pages = {38-46},
  doi = {10.1016/j.ypmed.2016.12.003}}

@article{VerheijdenKlompstra2014ExergamingFailure,
  author = {Leonie Verheijden Klompstra and Tiny Jaarsma and Anna Strömberg},
  title = {{Exergaming in older adults: A scoping review and implementation potential for patients with heart failure}},
  journal = {European Journal of Cardiovascular Nursing},
  year = {2014},
  volume = {13},
  number = {5},
  pages = {388-398},
  doi = {10.1177/1474515113512203}}

@article{Nawaz2016UsabilityReview,
  author = {Ather Nawaz and Nina Skjæret and Jorunn Lægdheim Helbostad and Beatrix Vereijken and Elisabeth Boulton and Dag Svanaes},
  title = {{Usability and acceptability of balance exergames in older adults: A scoping review}},
  journal = {Health Informatics Journal},
  year = {2016},
  volume = {22},
  number = {4},
  pages = {911-931},
  doi = {10.1177/1460458215598638}}

@article{Parisod2014PromotingReviews,
  author = {Heidi Parisod and Anni Pakarinen and Lotta Kauhanen and Minna Aromaa and Ville Leppänen and Tapani N. Liukkonen and Jouni Smed and Sanna Salanterä},
  title = {{Promoting Children's Health with Digital Games: A Review of Reviews}},
  journal = {Games for Health Journal},
  year = {2014},
  volume = {3},
  number = {3},
  pages = {145-156},
  doi = {10.1089/g4h.2013.0086}}

@article{Sween2014TheReview,
  author = {Jennifer Sween and Sherrie Flynt Wallington and Vanessa Sheppard and Teletia Taylor and Adana A. Llanos and Lucile Lauren Adams-Campbell},
  title = {{The role of exergaming in improving physical activity: A review}},
  journal = {Journal of Physical Activity and Health},
  year = {2014},
  volume = {11},
  number = {4},
  pages = {864-870},
  doi = {10.1123/jpah.2011-0425}}

@article{Pietrzak2014UsingFuture,
  author = {Eva Pietrzak and Cristina Cotea and Stephen Pullman},
  title = {{Using commercial video games for falls prevention in older adults: The way for the future?}},
  journal = {Journal of Geriatric Physical Therapy},
  year = {2014},
  volume = {37},
  number = {4},
  pages = {166-177},
  doi = {10.1519/JPT.0b013e3182abe76e}}

@article{Goble2014UsingWiiSearch,
  author = {Daniel J. Goble and Brian L. Cone and Brett W. Fling},
  title = {{Using the Wii Fit as a tool for balance assessment and neurorehabilitation: The first half decade of "wii-search"}},
  journal = {Journal of NeuroEngineering and Rehabilitation},
  year = {2014},
  volume = {11},
  number = {1},
  pages = {-},
  doi = {10.1186/1743-0003-11-12}}

@article{Yates2016VirtualPostStroke,
  author = {Michael Yates and Arpad Kelemen and Cecilia Sik Lanyi},
  title = {{Virtual reality gaming in the rehabilitation of the upper extremities post-stroke}},
  journal = {Brain Injury},
  year = {2016},
  volume = {30},
  number = {7},
  pages = {855-863},
  doi = {10.3109/02699052.2016.1144146}}

@article{Dutta2015EffectsReview,
  author = {Nirjhar Dutta and Mark A. Pereira},
  title = {{Effects of active video games on energy expenditure in adults: A systematic literature review}},
  journal = {Journal of Physical Activity and Health},
  year = {2015},
  volume = {12},
  number = {6},
  pages = {890-899},
  doi = {10.1123/jpah.2013-0168}}

@article{Deutsch2015IsPalsy,
  author = {Judith E. Deutsch and Phyllis Guarrera-Bowlby and Mary Jane Myslinski and Michal Kafri},
  title = {{Is There Evidence That Active Videogames Increase Energy Expenditure and Exercise Intensity for People Poststroke and with Cerebral Palsy?}},
  journal = {Games for Health Journal},
  year = {2015},
  volume = {4},
  number = {1},
  pages = {31-37},
  doi = {10.1089/g4h.2014.0082}}

@article{Hchsmann2016EffectsIndividuals,
  author = {Christoph Höchsmann and Michael Schüpbach and Arno Schmidt-Trucksäss},
  title = {{Effects of Exergaming on Physical Activity in Overweight Individuals}},
  journal = {Sports Medicine},
  year = {2016},
  volume = {46},
  number = {6},
  pages = {845-860},
  doi = {10.1007/s40279-015-0455-z}}

@article{Molina2014VirtualReview,
  author = {Karina Iglesia Molina and Natalia Aquaroni Ricci and Suzana Albuquerque De Moraes and Monica Rodrigues Perracini},
  title = {{Virtual reality using games for improving physical functioning in older adults: A systematic review}},
  journal = {Journal of NeuroEngineering and Rehabilitation},
  year = {2014},
  volume = {11},
  number = {1},
  pages = {-},
  doi = {10.1186/1743-0003-11-156}}

@article{Carbonera2016PhysiologicalReview,
  author = {Raquel Pinto Carbonera and Fernanda Maria Vendrusculo and Márcio Vinícius Fagundes Donadio},
  title = {{Physiological responses during exercise with video games in patients with cystic fibrosis: A systematic review}},
  journal = {Respiratory Medicine},
  year = {2016},
  volume = {119},
  number = {None},
  pages = {63-69},
  doi = {10.1016/j.rmed.2016.08.011}}

@article{2016,
	doi = {10.1089/g4h.2015.0026},
	url = {https://doi.org/10.1089%2Fg4h.2015.0026},
	year = 2016,
	month = {feb},
	publisher = {Mary Ann Liebert Inc},
	volume = {5},
	number = {1},
	pages = {1--12},
	author = {and Tom Baranowski and Fran Blumberg and Richard Buday and Ann DeSmet and Lynn E. Fiellin and C. Shawn Green and Pamela M. Kato and Amy Shirong Lu and Ann E. Maloney and Robin Mellecker and Brooke A. Morrill and Wei Peng and Ross Shegog and Monique Simons and Amanda E. Staiano and Debbe Thompson and Kimberly Young},
	title = {Games for Health for Children{\textemdash}Current Status and Needed Research},
	journal = {Games for Health Journal}
}

@incollection{Altamimi2014ATechnologies,
  author = {Reem Altamimi and Geoff Skinner and Keith Nesbitt},
  title = {{A focused review and initial conceptual design for merging exergame and activity monitoring technologies}},
  booktitle = {Lecture Notes in Computer Science (including subseries Lecture Notes in Artificial Intelligence and Lecture Notes in Bioinformatics)},
  year = {2014}, 
  pages = {77-83}}

@article{Choi2017ExergameReview,
  author = {Sang D. Choi and Liangjie Guo and Donghun Kang and Shuping Xiong},
  title = {{Exergame technology and interactive interventions for elderly fall prevention: A systematic literature review}},
  journal = {Applied Ergonomics},
  year = {2017},
  volume = {65},
  number = {None},
  pages = {570-581},
  doi = {10.1016/j.apergo.2016.10.013}}

@article{Gabbett_2009,
	doi = {10.1260/174795409788549553},
	url = {https://doi.org/10.1260%2F174795409788549553},
	year = 2009,
	month = {jun},
	publisher = {{SAGE} Publications},
	volume = {4},
	number = {2},
	pages = {273--283},
	author = {Tim Gabbett and David Jenkins and Bruce Abernethy},
	title = {Game-Based Training for Improving Skill and Physical Fitness in Team Sport Athletes},
	journal = {International Journal of Sports Science {\&} Coaching}
}

@article{Papastergiou2009ExploringReview,
  author = {Marina Papastergiou},
  title = {{Exploring the potential of computer and video games for health and physical education: A literature review}},
  journal = {Computers and Education},
  year = {2009},
  volume = {53},
  number = {3},
  pages = {603-622},
  doi = {10.1016/j.compedu.2009.04.001}}

@article{Baranowski2008PlayingChange,
  author = {Tom Baranowski and Richard Buday and Debbe I. Thompson and Janice Baranowski},
  title = {{Playing for Real. Video Games and Stories for Health-Related Behavior Change}},
  journal = {American Journal of Preventive Medicine},
  year = {2008},
  volume = {34},
  number = {1},
  pages = {-},
  doi = {10.1016/j.amepre.2007.09.027}}

@incollection{Smeddinck_2016,
	doi = {10.1007/978-3-319-46152-6_10},
	url = {https://doi.org/10.1007%2F978-3-319-46152-6_10},
	year = 2016,
	publisher = {Springer International Publishing},
	pages = {212--264},
	author = {Jan D. Smeddinck},
	title = {Games for Health},
	booktitle = {Entertainment Computing and Serious Games}
}

@article{MatRosly2017ExergamingReview,
  author = {Maziah Mat Rosly and Hadi Mat Rosly and Glen M. Davis OAM and Ruby Husain and Nazirah Hasnan},
  title = {{Exergaming for individuals with neurological disability: a systematic review}},
  journal = {Disability and Rehabilitation},
  year = {2017},
  volume = {39},
  number = {8},
  pages = {727-735},
  doi = {10.3109/09638288.2016.1161086}
}

@article{Wattanasoontorn_2013,
	doi = {10.1016/j.entcom.2013.09.002},
	url = {https://doi.org/10.1016%2Fj.entcom.2013.09.002},
	year = 2013,
	month = {dec},
	publisher = {Elsevier {BV}},
	volume = {4},
	number = {4},
	pages = {231--247},
	author = {Voravika Wattanasoontorn and Imma Boada and Rub{\'{e}}n Garc{\'{\i}}a and Mateu Sbert},
	title = {Serious games for health},
	journal = {Entertainment Computing}
}

@article{Howell2005GamesHealth,
  author = {Kay Howell},
  title = {{Games for Health Conference 2004: Issues, trends, and needs unique to games for health}},
  journal = {Cyberpsychology and Behavior},
  year = {2005},
  volume = {8},
  number = {2},
  pages = {103-109},
  doi = {10.1089/cpb.2005.8.103}
}

@incollection{Peng,
	doi = {10.4018/978-1-59904-808-6.ch023},
	url = {https://doi.org/10.4018%2F978-1-59904-808-6.ch023},
	publisher = {{IGI} Global},
	pages = {388--401},
	author = {Wei Peng and Ming Liu},
	title = {An Overview of Using Electronic Games for Health Purposes},
	booktitle = {Handbook of Research on Effective Electronic Gaming in Education}
}

@inproceedings{Bartolome_2011,
	doi = {10.1109/cgames.2011.6000353},
	url = {https://doi.org/10.1109%2Fcgames.2011.6000353},
	year = 2011,
	month = {jul},
	publisher = {{IEEE}},
	author = {Nuria Aresti Bartolome and Amaia Mendez Zorrilla and Begona Garcia Zapirain},
	title = {Can game-based therapies be trusted? Is game-based education effective? A systematic review of the Serious Games for health and education},
	booktitle = {2011 16th International Conference on Computer Games ({CGAMES})}
}

@inproceedings{Janarthanan2012SeriousHealth,
  author = {Vasudevan Janarthanan},
  title = {{Serious video games: Games for education and health}},
  booktitle = {Proceedings of the 9th International Conference on Information Technology, ITNG 2012},
  year = {2012}, 
  pages = {875-878},
  doi = {10.1109/ITNG.2012.79}
}

@article{Hawn2009TechwatchArsenal,
  author = {Carleen Hawn},
  title = {{Techwatch - Games for health: The latest tool in the medical care arsenal}},
  journal = {Health Affairs},
  year = {2009},
  volume = {28},
  number = {5},
  pages = {-},
  doi = {10.1377/hlthaff.28.5.w842}
}

@article{Lee2017TheReview,
  author = {Seungmin Lee and Wonkyung Kim and Taiwoo Park and Wei Peng},
  title = {{The Psychological Effects of Playing Exergames: A Systematic Review}},
  journal = {Cyberpsychology, behavior and social networking},
  year = {2017},
  volume = {20},
  number = {9},
  pages = {513-532},
  doi = {10.1089/cyber.2017.0183}}
}

@incollection{Wattanasoontorn_2013,
	doi = {10.1007/978-981-4560-32-0_9},
	url = {https://doi.org/10.1007%2F978-981-4560-32-0_9},
	year = 2013,
	month = {nov},
	publisher = {Springer Singapore},
	pages = {127--146},
	author = {Voravika Wattanasoontorn and Rub{\'{e}}n Jes{\'{u}}s Garc{\'{\i}}a Hern{\'{a}}ndez and Mateu Sbert},
	title = {Serious Games for e-Health Care},
	booktitle = {Gaming Media and Social Effects}
}

@inproceedings{Cancela2014StateRehabilitation,
  author = {Jorge Cancela and M. Pastorino and M. T. Arredondo and C. Vera-Muñoz},
  title = {{State of the art on games for health focus on Parkinson's disease rehabilitation}},
  booktitle = {IFMBE Proceedings},
  year = {2014}, 
  pages = {13-16},
  doi = {10.1007/978-3-319-03005-0_4}
}

@article{Fernandez_Luque_2011,
	doi = {10.4338/aci-2010-10-r-0060},
	url = {https://doi.org/10.4338%2Faci-2010-10-r-0060},
	year = 2011,
	publisher = {Schattauer {GmbH}},
	volume = {02},
	number = {02},
	pages = {128--142},
	author = {L. Fernandez-Luque and T. T{\o}llefsen and E. Brox},
	title = {Healthy Gaming {\textendash} Video Game Design to promote Health},
	journal = {Applied Clinical Informatics}
}

@article{Terre_2011,
	doi = {10.1177/1559827610391953},
	url = {https://doi.org/10.1177%2F1559827610391953},
	year = 2011,
	month = {may},
	publisher = {{SAGE} Publications},
	volume = {5},
	number = {3},
	pages = {229--231},
	author = {Lisa Terre},
	title = {Multiple Health Behavior Change: Game On or Time Out?},
	journal = {American Journal of Lifestyle Medicine}
}

@article{Pakarinen_2016,
	doi = {10.1111/jan.13160},
	url = {https://doi.org/10.1111%2Fjan.13160},
	year = 2016,
	month = {oct},
	publisher = {Wiley},
	volume = {73},
	number = {4},
	pages = {794--811},
	author = {Anni Pakarinen and Heidi Parisod and Jouni Smed and Sanna SalanterÃ¤},
	title = {Health game interventions to enhance physical activity self-efficacy of children: a quantitative systematic review},
	journal = {Journal of Advanced Nursing}
}

@article{altamimi2012survey,
  title={A survey of active video game literature},
  author={Altamimi, Reem and Skinner, Geoff},
  journal={Journal of Computer and Information Technology},
  volume={1},
  number={1},
  pages={20--35},
  year={2012}
}

@inproceedings{knoll2013active,
  title={Active design—how the built environment matters to mobile games for health},
  author={Kn{\"o}ll, Martin and Dutz, Tim and Hardy, Sandro and G{\"o}bel, Stefan},
  booktitle={Proceedings of the Vienna Conference on Context Matters—Exploring and Reframing Games in Context, New Academic Press, Vienna},
  year={2013}
}

@article{barnett2011active,
  title={Active video games for youth: a systematic review},
  author={Barnett, Anthony and Cerin, Ester and Baranowski, Tom},
  journal={Journal of Physical Activity and Health},
  volume={8},
  number={5},
  pages={724--737},
  year={2011}
}

@article{biddiss2010active,
  title={Active video games to promote physical activity in children and youth: a systematic review},
  author={Biddiss, Elaine and Irwin, Jennifer},
  journal={Archives of pediatrics \& adolescent medicine},
  volume={164},
  number={7},
  pages={664--672},
  year={2010},
  publisher={American Medical Association}
}

@article{lu2013systematic,
  title={A systematic review of health videogames on childhood obesity prevention and intervention},
  author={Lu, Amy Shirong and Kharrazi, Hadi and Gharghabi, Fardad and Thompson, Debbe},
  journal={GAMES FOR HEALTH: Research, Development, and Clinical Applications},
  volume={2},
  number={3},
  pages={131--141},
  year={2013},
  publisher={Mary Ann Liebert, Inc. 140 Huguenot Street, 3rd Floor New Rochelle, NY 10801 USA}
}

@article{gao2015meta,
  title={A meta-analysis of active video games on health outcomes among children and adolescents},
  author={Gao, Z and Chen, S and Pasco, D and Pope, Z},
  journal={Obesity reviews},
  volume={16},
  number={9},
  pages={783--794},
  year={2015},
  publisher={Wiley Online Library}
}

@article{liang2014effects,
  title={Effects of active videogames on physical activity and related outcomes among healthy children: A systematic review},
  author={Liang, Yan and Lau, Patrick WC},
  journal={GAMES FOR HEALTH: Research, Development, and Clinical Applications},
  volume={3},
  number={3},
  pages={122--144},
  year={2014},
  publisher={Mary Ann Liebert, Inc. 140 Huguenot Street, 3rd Floor New Rochelle, NY 10801 USA}
}

@article{daley2009can,
  title={Can exergaming contribute to improving physical activity levels and health outcomes in children?},
  author={Daley, Amanda J},
  journal={Pediatrics},
  volume={124},
  number={2},
  pages={763--771},
  year={2009},
  publisher={Am Acad Pediatrics}
}