@inproceedings{Chen2014HealthifyingPriming,
  author = {Frank X. Chen and Abby C. King and Eric B. Hekler},
  title = {{"Healthifying" exergames: Improving health outcomes through intentional priming}},
  booktitle = {ACM CHI},
  year = {2014}, 
  pages = {1855-1864},
  doi = {10.1145/2556288.2557246}}

@article{Gao2015AExergaming,
  author = {Zan Gao and Senlin Chen and David F. Stodden},
  title = {{A comparison of children's physical activity levels in physical education, recess, and exergaming}},
  journal = {J. of Physical Activity and Health},
  year = {2015},
  volume = {12},
  number = {3},
  pages = {349-354},
  doi = {10.1123/jpah.2013-0392}}

@article{Maloney2008ATime,
  author = {Ann E. Maloney and T. Carter Bethea and Kristine S. Kelsey and Julie T. Marks and Sadye Paez and Angela M. Rosenberg and Diane J. Catellier and Robert M. Hamer and Linmarie Sikich},
  title = {{A pilot of a video game (DDR) to promote physical activity and decrease sedentary screen time}},
  journal = {Obesity},
  year = {2008},
  volume = {16},
  number = {9},
  pages = {2074-2080},
  doi = {10.1038/oby.2008.295}}

@article{Parry2015AFollowUp,
  author = {Ingrid Parry and Lynda Painting and Anita Bagley and Jason Kawada and Fred Molitor and Soman Sen and David G. Greenhalgh and Tina L. Palmieri},
  title = {{A pilot prospective randomized control trial comparing exercises using videogame therapy to standard physical therapy: 6 Months follow-up}},
  journal = {J. of Burn Care and Research},
  year = {2015},
  volume = {36},
  number = {5},
  pages = {534-544},
  doi = {10.1097/BCR.0000000000000165}}

@article{Peng2015AIntervention,
  author = {Wei Peng and Karin A. Pfeiffer and Brian Winn and Jih Hsuan Lin and Darijan Suton},
  title = {{A Pilot randomized, controlled trial of an active video game physical activity intervention}},
  journal = {Health Psychology},
  year = {2015},
  volume = {34},
  number = {None},
  pages = {1229-1239},
  doi = {10.1037/hea0000302}}

@article{RoopchandMartin2015AStudents,
  author = {Sharmella Roopchand-Martin and Gail Nelson and Carron Gordon and Shanice Yee Sing},
  title = {{A pilot study using the XBOX Kinect for exercise conditioning in sedentary female university students}},
  journal = {Technology and Health Care},
  year = {2015},
  volume = {23},
  number = {3},
  pages = {275-283},
  doi = {10.3233/THC-150899}}

@inproceedings{Han2016ASystem,
  author = {Lizhen Han and Zhigeng Pan and Mingmin Zhang and Feng Tian},
  title = {{A Pleasurable Persuasive Model for E-Fitness System}},
  booktitle = {Proceedings - 2016 Int. Conference on Cyberworlds, CW 2016},
  year = {2016}, 
  pages = {89-96},
  doi = {10.1109/CW.2016.20}}

@article{Staiano2017AGirls,
  author = {A. E. Staiano and A. M. Marker and R. A. Beyl and D. S. Hsia and P. T. Katzmarzyk and R. L. Newton},
  title = {{A randomized controlled trial of dance exergaming for exercise training in overweight and obese adolescent girls}},
  journal = {Pediatric Obesity},
  year = {2017},
  volume = {12},
  number = {2},
  pages = {120-128},
  doi = {10.1111/ijpo.12117}}

@article{Lau2016ACorrelates,
  author = {Patrick Wing Chung Lau and Jing Jing Wang and Ralph Maddison},
  title = {{A Randomized-Controlled Trial of School-Based Active Videogame Intervention on Chinese Children's Aerobic Fitness, Physical Activity Level, and Psychological Correlates}},
  journal = {Games for Health J.},
  year = {2016},
  volume = {5},
  number = {6},
  pages = {405-412},
  doi = {10.1089/g4h.2016.0057}}

@inproceedings{Ballaz2011ActiveRehabilitation,
  author = {Laurent Ballaz and Martin Lemay and Maxime Robert and Francois Prince},
  title = {{Active video games and children with cerebral palsy: The future of rehabilitation?}},
  booktitle = {2011 Int. Conference on Virtual Rehabilitation, ICVR 2011},
  year = {2011}, 
  pages = {-},
  doi = {10.1109/ICVR.2011.5971808}}

@article{Gribbon2015ActiveTrial,
  author = {Aidan Gribbon and Jessica McNeil and Ollie Jay and Mark S. Tremblay and Jean Philippe Chaput},
  title = {{Active video games and energy balance in male adolescents: A randomized crossover trial}},
  journal = {American J. of Clinical Nutrition},
  year = {2015},
  volume = {101},
  number = {6},
  pages = {1126-1134},
  doi = {10.3945/ajcn.114.105528}}

@article{ODonovan2012ActiveAdults,
  author = {C. O'Donovan and J. Hussey},
  title = {{Active video games as a form of exercise and the effect of gaming experience: A preliminary study in healthy young adults}},
  journal = {Physiotherapy (United Kingdom)},
  year = {2012},
  volume = {98},
  number = {3},
  pages = {205-210},
  doi = {10.1016/j.physio.2012.05.001}}

@article{ODonovan2014ActiveFibrosis,
  author = {Cuisle O'Donovan and Peter Greally and Gerard Canny and Paul McNally and Juliette Hussey},
  title = {{Active video games as an exercise tool for children with cystic fibrosis}},
  journal = {J. of Cystic Fibrosis},
  year = {2014},
  volume = {13},
  number = {3},
  pages = {341-346},
  doi = {10.1016/j.jcf.2013.10.008}}

@article{Taylor2012ActivityGames,
  author = {Lynne M. Taylor and Ralph Maddison and Leila A. Pfaeffli and Jonathan C. Rawstorn and Nicholas Gant and Ngaire M. Kerse},
  title = {{Activity and energy expenditure in older people playing active video Games}},
  journal = {Archives of Physical Medicine and Rehabilitation},
  year = {2012},
  volume = {93},
  number = {12},
  pages = {2281-2286},
  doi = {10.1016/j.apmr.2012.03.034}}

@article{LanninghamFoster2009ActivityPromotingExpenditure,
  author = {Lorraine Lanningham-Foster and Randal C. Foster and Shelly K. McCrady and Teresa B. Jensen and Naim Mitre and James A. Levine},
  title = {{Activity-Promoting Video Games and Increased Energy Expenditure}},
  journal = {J. of Pediatrics},
  year = {2009},
  volume = {154},
  number = {6},
  pages = {819-823},
  doi = {10.1016/j.jpeds.2009.01.009}}

@article{Lee2017AcuteChange,
  author = {Jung Eun Lee and Ping Xiang and Zan Gao},
  title = {{Acute effect of active video games on older children's mood change}},
  journal = {Computers in Human Behavior},
  year = {2017},
  volume = {70},
  number = {None},
  pages = {97-103},
  doi = {10.1016/j.chb.2016.12.060}}

@article{Guzmn2016AcuteExertion,
  author = {José F. Guzmán and Jesús López-García},
  title = {{Acute effects of exercise and active video games on adults’ reaction time and perceived exertion}},
  journal = {European J. of Sport Science},
  year = {2016},
  volume = {16},
  number = {8},
  pages = {1197-1203},
  doi = {10.1080/17461391.2016.1186744}}

@article{Staiano2013AdolescentIntervention,
  author = {Amanda E. Staiano and Anisha A. Abraham and Sandra L. Calvert},
  title = {{Adolescent exergame play for weight loss and psychosocial improvement: A controlled physical activity intervention}},
  journal = {Obesity},
  year = {2013},
  volume = {21},
  number = {3},
  pages = {598-601},
  doi = {10.1002/oby.20282}}

@article{Fawkner2010AdolescentGaming,
  author = {Samantha G. Fawkner and Alisa Niven and Alasdair G. Thin and Mhairi J. MacDonald and Jemma R. Oakes},
  title = {{Adolescent girls' energy expenditure during dance simulation active computer gaming}},
  journal = {J. of Sports Sciences},
  year = {2010},
  volume = {28},
  number = {1},
  pages = {61-65},
  doi = {10.1080/02640410903369935}}

@article{CebollaIMart2015AlternativeActivos,
  author = {Ausias Cebolla I Martí and Julio Carlos Álvarez-Pitti and Jaime Guixeres Provinciale and Juan Francisco Lisón and Rosa Baños Rivera},
  title = {{Alternative options for prescribing physical activity among obese children and adolescents: Brisk walking supported by an exergaming platform}},
  journal = {Nutricion Hospitalaria},
  year = {2015},
  volume = {31},
  number = {2},
  pages = {841-848},
  doi = {10.3305/nh.2015.31.2.7929}}

@article{Kirk2013AnYears,
  author = {Alison Kirk and Freya MacMillan and Mark Rice and Alex Carmichael},
  title = {{An exploratory study examining the appropriateness and potential benefit of the nintendo wii as a physical activity tool in adults aged ≥ 55 years}},
  journal = {Interacting with Computers},
  year = {2013},
  volume = {25},
  number = {1},
  pages = {102-114},
  doi = {10.1093/iwc/iws004}}

@article{Limperos2014AreBehavior,
  author = {Anthony M. Limperos},
  title = {{Are "wii" Exercising Correctly? Understanding How Exergames Can Be Used to Increase Knowledge of Exercise Behavior}},
  journal = {Games for Health J.},
  year = {2014},
  volume = {3},
  number = {1},
  pages = {25-30},
  doi = {10.1089/g4h.2013.0066}}

@article{Barry2016AssessingMales,
  author = {Gillian Barry and Daniel Tough and Phillip Sheerin and Oliver Mattinson and Rachael Dawe and Elisabeth Board},
  title = {{Assessing the Physiological Cost of Active Videogames (Xbox Kinect) Versus Sedentary Videogames in Young Healthy Males}},
  journal = {Games for Health J.},
  year = {2016},
  volume = {5},
  number = {1},
  pages = {68-73},
  doi = {10.1089/g4h.2015.0036}}

@article{Garde2015AssessmentChildren,
  author = {Ainara Garde and Aryannah Umedaly and S. Mazdak Abulnaga and Leah Robertson and Anne Junker and Jean Pierre Chanoine and J. Mark Ansermino and Guy A. Dumont},
  title = {{Assessment of a Mobile Game ("MobileKids Monster Manor") to Promote Physical Activity among Children}},
  journal = {Games for Health J.},
  year = {2015},
  volume = {4},
  number = {2},
  pages = {149-158},
  doi = {10.1089/g4h.2014.0095}}

@article{MacIntosh2017BalancingIii,
  author = {Alexander MacIntosh and Lauren Switzer and Hamilton Hernandez and Susan Hwang and Adrian L.Jessup Schneider and Daniel Moran and T. C.Nicholas Graham and Darcy L. Fehlings},
  title = {{Balancing for Gross Motor Ability in Exergaming between Youth with Cerebral Palsy at Gross Motor Function Classification System Levels II and III}},
  journal = {Games for Health J.},
  year = {2017},
  volume = {6},
  number = {2},
  pages = {104-110},
  doi = {10.1089/g4h.2016.0073}}

@article{Bhm2016BodyVideogames,
  author = {Birgit Böhm and Michael Hartmann and Harald Böhm},
  title = {{Body Segment Kinematics and Energy Expenditure in Active Videogames}},
  journal = {Games for Health J.},
  year = {2016},
  volume = {5},
  number = {3},
  pages = {189-196},
  doi = {10.1089/g4h.2015.0058}}

@article{Feltz2011BuddyGames,
  author = {Deborah L. Feltz and Norbert L. Kerr and Brandon C. Irwin},
  title = {{Buddy up: The Köhler effect applied to health games}},
  journal = {J. of Sport and Exercise Psychology},
  year = {2011},
  volume = {33},
  number = {4},
  pages = {506-526},
  doi = {10.1123/jsep.33.4.506}}

@article{Naugle2014CardiovascularTool,
  author = {Keith E. Naugle and Kelly M. Naugle and Erik A. Wikstrom},
  title = {{Cardiovascular and affective outcomes of active gaming: Using the nintendo wii as a cardiovascular training tool}},
  journal = {J. of Strength and Conditioning Research},
  year = {2014},
  volume = {28},
  number = {2},
  pages = {443-451},
  doi = {10.1519/JSC.0b013e31829999c3}}

@article{Costa2017CardiovascularChildren,
  author = {Herikson Araújo Costa and Antonio Carlos Silva-Filho and Carlos José Dias and Vicenilma Andrade Martins and Thiago Mendes and André Rabelo and Francisco Navarro and Emerson Silami-Garcia and Cristiano Mostarda and Mario Sevílio},
  title = {{Cardiovascular Response of an Acute Exergame Session in Prepubertal Obese Children}},
  journal = {Games for Health J.},
  year = {2017},
  volume = {6},
  number = {3},
  pages = {159-164},
  doi = {10.1089/g4h.2016.0081}}

@article{Pedersen2017CautionPerspective,
  author = {Scott J. Pedersen and Paul D. Cooley and Vaughan J. Cruickshank},
  title = {{Caution regarding exergames: a skill acquisition perspective}},
  journal = {Physical Education and Sport Pedagogy},
  year = {2017},
  volume = {22},
  number = {3},
  pages = {246-256},
  doi = {10.1080/17408989.2016.1176131}}

@article{McDougall2008ChildrenStudy,
  author = {Julian McDougall and Michael J. Duncan},
  title = {{Children, video games and physical activity: An exploratory study}},
  journal = {Int. J. on Disability and Human Development},
  year = {2008},
  volume = {7},
  number = {1},
  pages = {89-94},
  doi = {10.1515/IJDHD.2008.7.1.89}}

@article{Gao2013ChildrenSDance,
  author = {Zan Gao and Tao Zhang and David Stodden},
  title = {{Children's physical activity levels and psychological correlates in interactive dance versus aerobic dance}},
  journal = {J. of Sport and Health Science},
  year = {2013},
  volume = {2},
  number = {3},
  pages = {146-151},
  doi = {10.1016/j.jshs.2013.01.005}}

@article{Epstein2007ChoiceYouth,
  author = {Leonard H. Epstein and Meghan D. Beecher and Jennifer L. Graf and James N. Roemmich},
  title = {{Choice of interactive dance and bicycle games in overweight and nonoverweight youth}},
  journal = {Annals of Behavioral Medicine},
  year = {2007},
  volume = {33},
  number = {2},
  pages = {124-131},
  doi = {10.1007/BF02879893}}

@article{Douris2012ComparisonAdults,
  author = {Peter C. Douris and Brittany McDonald and Frank Vespi and Nancy C. Kelley and Lawrence Herman},
  title = {{Comparison between nintendowii fit aerobics and traditional aerobic exercise in sedentary young adults}},
  journal = {J. of Strength and Conditioning Research},
  year = {2012},
  volume = {26},
  number = {4},
  pages = {1052-1057},
  doi = {10.1519/JSC.0b013e31822e5967}}

@article{Bonetti2010ComparisonExergaming,
  author = {Anthony J. Bonetti and Daniel G. Drury and Jerome V. Danoff and Todd A. Miller},
  title = {{Comparison of acute exercise responses between conventional video gaming and isometric resistance exergaming}},
  journal = {J. of Strength and Conditioning Research},
  year = {2010},
  volume = {24},
  number = {7},
  pages = {1799-1803},
  doi = {10.1519/JSC.0b013e3181bab4a8}}

@article{Howie2016ComparisonChildren,
  author = {Erin K. Howie and Joanne A. McVeigh and Leon M. Straker},
  title = {{Comparison of compliance and intervention outcomes between hip- and wrist-Worn accelerometers during a randomized crossover trial of an active video games intervention in children}},
  journal = {J. of Physical Activity and Health},
  year = {2016},
  volume = {13},
  number = {9},
  pages = {964-969},
  doi = {10.1123/jpah.2015-0470}}

@article{Willems2009ComparisonWalking,
  author = {M. E T Willems and Timothy S. Bond},
  title = {{Comparison of physiological and metabolic responses to playing nintendo wii sports and brisk treadmill walking}},
  journal = {J. of Human Kinetics},
  year = {2009},
  volume = {22},
  number = {1},
  pages = {43-49},
  doi = {10.2478/v10078-009-0022-5}}

@article{Perron2012ComparisonAdults,
  author = {Rachel M. Perron and Courtney A. Graham and Eric E. Hall},
  title = {{Comparison of Physiological and Psychological Responses to Exergaming and Treadmill Walking in Healthy Adults}},
  journal = {Games for Health J.},
  year = {2012},
  volume = {1},
  number = {6},
  pages = {411-415},
  doi = {10.1089/g4h.2012.0050}}

@article{Devereaux2012ComparisonExercise,
  author = {Julie Devereaux and Meghan Pack and Vanessa Piccott and Kelley Whitten and Fabien Basset and Linda E. Rohr},
  title = {{Comparison of rates of perceived exertion between active video games and traditional exercise}},
  journal = {Int. SportMed J.},
  year = {2012},
  volume = {13},
  number = {3},
  pages = {133-140}}

@article{Allsop2016ComparisonBoys,
  author = {Susan Allsop and Benjamin P. Green and Caroline J. Dodd-Reynolds and Gillian Barry and Penny L.S. Rumbold},
  title = {{Comparison of short-term energy intake and appetite responses to active and seated video gaming, in 8-11-year-old boys}},
  journal = {British J. of Nutrition},
  year = {2016},
  volume = {115},
  number = {6},
  pages = {1117-1125},
  doi = {10.1017/S0007114515005437}}

@article{Feltz2014CyberExergames,
  author = {Deborah L. Feltz and Samuel T. Forlenza and Brian Winn and Norbert L. Kerr},
  title = {{Cyber Buddy is Better than No Buddy: A Test of the Köhler Motivation Effect in Exergames}},
  journal = {Games for Health J.},
  year = {2014},
  volume = {3},
  number = {2},
  pages = {98-105},
  doi = {10.1089/g4h.2013.0088}}

@incollection{Thin2010DanceBasedEnjoyment,
  author = {Alasdair G. Thin and Nicola Poole},
  title = {{Dance-based ExerGaming: User experience design implications for maximizing health benefits based on exercise intensity and perceived enjoyment}},
  booktitle = {Lecture Notes in Computer Science (including subseries Lecture Notes in Artificial Intelligence and Lecture Notes in Bioinformatics)},
  year = {2010}, 
  pages = {189-199},
  doi = {10.1007/978-3-642-14484-4_16}}

@inproceedings{Ketcheson2015DesigningExergames,
  author = {Mallory Ketcheson and Zi Ye and T. C.Nicholas Graham},
  title = {{Designing for exertion: How heart-rate power-ups increase physical activity in exergames}},
  booktitle = {CHI PLAY 2015 - Proceedings of the 2015 Annual Symposium on Computer-Human Interaction in Play},
  year = {2015}, 
  pages = {79-90},
  doi = {10.1145/2793107.2793122}}

@article{Grieser2012DeterminingIndividuals,
  author = {Joshua D. Grieser and Yong Gao and Lynda Ransdell and Shawn Simonson},
  title = {{Determining intensity levels of selected Wii Fit activities in college aged individuals}},
  journal = {Measurement in Physical Education and Exercise Science},
  year = {2012},
  volume = {16},
  number = {2},
  pages = {135-150},
  doi = {10.1080/1091367X.2012.665268}}

@article{Lyons2012DoExperiment,
  author = {Elizabeth J. Lyons and Deborah F. Tate and Dianne S. Ward and Kurt M. Ribisl and J. Michael Bowling and Sriram Kalyanaraman},
  title = {{Do motion controllers make action video games less sedentary? A randomized experiment}},
  journal = {J. of Obesity},
  year = {2012},
  volume = {2012},
  number = {None},
  pages = {-},
  doi = {10.1155/2012/852147}}

@article{Legear2016DoesCopd,
  author = {Tyler Legear and Mark Legear and Dejan Preradovic and Geoffrey Wilson and Ashley Kirkham and Pat G. Camp},
  title = {{Does a Nintendo Wii exercise program provide similar exercise demands as a traditional pulmonary rehabilitation program in adults with COPD?}},
  journal = {Clinical Respiratory J.},
  year = {2016},
  volume = {10},
  number = {3},
  pages = {303-310},
  doi = {10.1111/crj.12216}}

@article{Raynor2016EffectActivity,
  author = {Hollie A. Raynor and Chelsi Cardoso and Dale S. Bond},
  title = {{Effect of exposure to greater active videogame variety on time spent in moderate- to vigorous-intensity physical activity}},
  journal = {Physiology and Behavior},
  year = {2016},
  volume = {161},
  number = {None},
  pages = {99-103},
  doi = {10.1016/j.physbeh.2016.04.016}}

@incollection{Bissell2016EffectivenessActivity,
  author = {Kim Bissell and Cui Zhang and Charles W. Meadows},
  title = {{Effectiveness of wii exergames on children’s enjoyment, engagement, and exertion in physical activity}},
  booktitle = {Children and Childhood: Some Int. Aspects},
  year = {2016}, 
  pages = {111-124}}


@article{Park2015EffectsAdolescents,
  author = {Soo Hyun Park and Eun Sun Yoon and Yong Hee Lee and Chul Ho Kim and Kanokwan Bunsawat and Kevin S. Heffernan and Bo Fernhall and Sae Young Jae},
  title = {{Effects of acute active video games on endothelial function following a high-fat meal in overweight adolescents}},
  journal = {J. of Physical Activity and Health},
  year = {2015},
  volume = {12},
  number = {6},
  pages = {869-874},
  doi = {10.1123/jpah.2013-0488}}

@article{Pope2016EffectsRevolution,
  author = {Zachary Pope and Senlin Chen and Denis Pasco and Zan Gao},
  title = {{Effects of Body Mass Index on Children's Physical Activity Levels in School-Based "dance Dance Revolution"}},
  journal = {Games for Health J.},
  year = {2016},
  volume = {5},
  number = {3},
  pages = {183-188},
  doi = {10.1089/g4h.2015.0098}}

@article{Clevenger2015EnergyKinect,
  author = {Kimberly A. Clevenger and Cheryl A. Howe},
  title = {{Energy Cost and Enjoyment of Active Videogames in Children and Teens: Xbox 360 Kinect}},
  journal = {Games for Health J.},
  year = {2015},
  volume = {4},
  number = {4},
  pages = {318-324},
  doi = {10.1089/g4h.2014.0101}}

@article{Bronner2013EnergyPlayers,
  author = {Shaw Bronner and Russell Pinsker and J. Adam Noah},
  title = {{Energy cost and game flow of 5 exer-games in trained players}},
  journal = {American J. of Health Behavior},
  year = {2013},
  volume = {37},
  number = {3},
  pages = {369-380},
  doi = {10.5993/AJHB.37.3.10}}

@article{Bailey2011EnergyExergaming,
  author = {Bruce W. Bailey and Kyle McInnis},
  title = {{Energy cost of exergaming: A comparison of the energy cost of 6 forms of exergaming}},
  journal = {Archives of Pediatrics and Adolescent Medicine},
  year = {2011},
  volume = {165},
  number = {7},
  pages = {597-602},
  doi = {10.1001/archpediatrics.2011.15}}

@inproceedings{Kafri2011EnergyGaming,
  author = {M. Kafri and M. J. Myslinski and J. E. Deutsch},
  title = {{Energy demands of individuals post-stroke during interactive video gaming}},
  booktitle = {2011 Int. Conference on Virtual Rehabilitation, ICVR 2011},
  year = {2011}, 
  pages = {-},
  doi = {10.1109/ICVR.2011.5971836}}

@article{White2011EnergyGames,
  author = {Kate White and Grant Schofield and Andrew E. Kilding},
  title = {{Energy expended by boys playing active video games}},
  journal = {J. of Science and Medicine in Sport},
  year = {2011},
  volume = {14},
  number = {2},
  pages = {130-134},
  doi = {10.1016/j.jsams.2010.07.005}}

@article{Maddison2007EnergyActivity,
  author = {Ralph Maddison and Cliona Ni Mhurchu and Andrew Jull and Yannan Jiang and Harry Prapavessis and Anthony Rodgers},
  title = {{Energy expended playing video console games: An opportunity to increase children's physical activity?}},
  journal = {Pediatric Exercise Science},
  year = {2007},
  volume = {19},
  number = {3},
  pages = {334-343},
  doi = {10.1123/pes.19.3.334}}

@article{ODonovan2012EnergyModes,
  author = {C. O'Donovan and E. Hirsch and E. Holohan and I. McBride and R. McManus and J. Hussey},
  title = {{Energy expended playing Xbox Kinect™ And Wii™ Games: A preliminary study comparing single and multiplayer modes}},
  journal = {Physiotherapy (United Kingdom)},
  year = {2012},
  volume = {98},
  number = {3},
  pages = {224-229},
  doi = {10.1016/j.physio.2012.05.010}}

@article{Monedero2017EnergyExercise,
  author = {Javier Monedero and Enda E. Murphy and Donal J. O'Gorman},
  title = {{Energy expenditure and affect responses to different types of active video game and exercise}},
  journal = {PLoS ONE},
  year = {2017},
  volume = {12},
  number = {5},
  pages = {-},
  doi = {10.1371/journal.pone.0176213}}

@article{Mellecker2008EnergyChildren,
  author = {Robin R. Mellecker and Alison M. McManus},
  title = {{Energy expenditure and cardiovascular responses to seated and active gaming in children}},
  journal = {Archives of Pediatrics and Adolescent Medicine},
  year = {2008},
  volume = {162},
  number = {9},
  pages = {886-891},
  doi = {10.1001/archpedi.162.9.886}}

@article{Kafri2014EnergyPoststroke,
  author = {Michal Kafri and Mary Jane Myslinski and Venkata K. Gade and Judith E. Deutsch},
  title = {{Energy expenditure and exercise intensity of interactive video gaming in individuals poststroke}},
  journal = {Neurorehabilitation and Neural Repair},
  year = {2014},
  volume = {28},
  number = {1},
  pages = {56-65},
  doi = {10.1177/1545968313497100}}

@article{Wu2015EnergyExergaming,
  author = {Pei Tzu Wu and Wen Lan Wu and I. Hua Chu},
  title = {{Energy expenditure and intensity in healthy young adults during exergaming}},
  journal = {American J. of Health Behavior},
  year = {2015},
  volume = {39},
  number = {4},
  pages = {557-561},
  doi = {10.5993/AJHB.39.4.12}}

@article{Sell2011EnergyActivities,
  author = {Katie Sell and Brian D. Clocksin and David Spierer and Jamie Ghigiarelli},
  title = {{Energy expenditure during non-traditional physical activities}},
  journal = {J. of Exercise Physiology Online},
  year = {2011},
  volume = {14},
  number = {3},
  pages = {101-112}}

@article{Sell2008EnergyExperience,
  author = {Katie Sell and Tia Lillie and Julie Taylor},
  title = {{Energy expenditure during physically interactive video game playing in male college students with different playing experience}},
  journal = {J. of American College Health},
  year = {2008},
  volume = {56},
  number = {5},
  pages = {505-511},
  doi = {10.3200/JACH.56.5.505-512}}

@article{Verhoeven2015EnergyEnjoyment,
  author = {Katrien Verhoeven and Vero Vanden Abeele and Brent Gers and Jan Seghers},
  title = {{Energy Expenditure During Xbox Kinect Play in Early Adolescents: The Relationship with Player Mode and Game Enjoyment}},
  journal = {Games for Health J.},
  year = {2015},
  volume = {4},
  number = {6},
  pages = {444-451},
  doi = {10.1089/g4h.2014.0106}}

@article{Graves2007EnergyGames,
  author = {Lee Graves and Gareth Stratton and N. D. Ridgers and N. T. Cable},
  title = {{Energy expenditure in adolescents playing new generation computer games}},
  journal = {British Medical J.},
  year = {2007},
  volume = {335},
  number = {7633},
  pages = {1282-1284},
  doi = {10.1136/bmj.39415.632951.80}}

@article{Hurkmans2010EnergySports,
  author = {Henri L. Hurkmans and Rita J. Van Den Berg-Emons and Henk J. Stam},
  title = {{Energy expenditure in adults with cerebral palsy playing Wii sports}},
  journal = {Archives of Physical Medicine and Rehabilitation},
  year = {2010},
  volume = {91},
  number = {10},
  pages = {1577-1581},
  doi = {10.1016/j.apmr.2010.07.216}}

@article{Hurkmans2011EnergyStudy,
  author = {Henri L. Hurkmans and Gerard M. Ribbers and Marjolein F. Streur-Kranenburg and Henk J. Stam and Rita J. Van Den Berg-Emons},
  title = {{Energy expenditure in chronic stroke patients playing Wii Sports: A pilot study}},
  journal = {J. of NeuroEngineering and Rehabilitation},
  year = {2011},
  volume = {8},
  number = {1},
  pages = {-},
  doi = {10.1186/1743-0003-8-38}}

@article{LanninghamFoster2006EnergyChildren,
  author = {Lorraine Lanningham-Foster and Teresa B. Jensen and Randal C. Foster and Aoife B. Redmond and Brian A. Walker and Dieter Heinz and James A. Levine},
  title = {{Energy expenditure of sedentary screen time compared with active screen time for children}},
  journal = {Pediatrics},
  year = {2006},
  volume = {118},
  number = {6},
  pages = {-},
  doi = {10.1542/peds.2006-1087}}

@article{Simons2014EnergyChildren,
  author = {Monique Simons and Sanne I. De Vries and Tinus Jongert and Marieke W. Verheijden},
  title = {{Energy expenditure of three public and three home-based active video games in children}},
  journal = {Computers in Entertainment},
  year = {2014},
  volume = {11},
  number = {1},
  pages = {-},
  doi = {10.1145/2543698.2543701}}

@article{Leatherdale2010EnergyGames,
  author = {Scott T. Leatherdale and Sarah J. Woodruff and Stephen R. Manske},
  title = {{Energy expenditure while playing active and inactive video games}},
  journal = {American J. of Health Behavior},
  year = {2010},
  volume = {34},
  number = {2},
  pages = {31-35}}

@article{Lyons2012EnergyGaming,
  author = {Elizabeth J. Lyons and Deborah F. Tate and Dianne S. Ward and Xiaoshan Wang},
  title = {{Energy intake and expenditure during sedentary screen time and motion-controlled video gaming}},
  journal = {American J. of Clinical Nutrition},
  year = {2012},
  volume = {96},
  number = {2},
  pages = {234-239},
  doi = {10.3945/ajcn.111.028423}}

@article{Mellecker2010EnergyPlay,
  author = {Robin R. Mellecker and Lorraine Lanningham-Foster and James A. Levine and Alison M. McManus},
  title = {{Energy intake during activity enhanced video game play}},
  journal = {Appetite},
  year = {2010},
  volume = {55},
  number = {2},
  pages = {343-347},
  doi = {10.1016/j.appet.2010.07.008}}

@article{Gaffurini2013EnergyPromotion,
  author = {P. Gaffurini and L. Bissolotti and S. Calza and C. Calabretto and C. Orizio and M. Gobbo},
  title = {{Energy metabolism during activity-promoting video games practice in subjects with spinal cord injury: Evidences for health promotion}},
  journal = {European J. of Physical and Rehabilitation Medicine},
  year = {2013},
  volume = {49},
  number = {1},
  pages = {23-29}}

@article{Lindberg2016EnhancingTechnology,
  author = {Renny Lindberg and Jungryul Seo and Teemu H. Laine},
  title = {{Enhancing Physical Education with Exergames and Wearable Technology}},
  journal = {IEEE Transactions on Learning Technologies},
  year = {2016},
  volume = {9},
  number = {4},
  pages = {328-341},
  doi = {10.1109/TLT.2016.2556671}}

@article{Boese2014ESportsErgometertraining,
  author = {Stephanie Boese and Andreas Lau and Katrin Beutner and Dirk Rennert and Patrick Jahn},
  title = {{E-sports - Comparison of the training intensity of two commercial game consoles with the conventional ergometric training E-Sports}},
  journal = {Schweizerische Zeitschrift fur Sportmedizin und Sporttraumatologie},
  year = {2014},
  volume = {62},
  number = {1},
  pages = {49-56}}

@article{Nathan2015EstimatingEnvironment,
  author = {David Nathan and Du Q. Huynh and Jonas Rubenson and Michael Rosenberg},
  title = {{Estimating physical activity energy expenditure with the kinect sensor in an exergaming environment}},
  journal = {PLoS ONE},
  year = {2015},
  volume = {10},
  number = {5},
  pages = {-},
  doi = {10.1371/journal.pone.0127113}}

@inproceedings{Shaw2017EvaluatingExergames,
  author = {Lindsay Alexander Shaw and Burkhard Claus Wuensche and Christof Lutteroth and Jude Buckley and Paul Corballis},
  title = {{Evaluating sensory feedback for immersion in exergames}},
  booktitle = {ACM Int. Conference Proceeding Series},
  year = {2017}, 
  pages = {-},
  doi = {10.1145/3014812.3014823}}

@article{Tripette2014EvaluationMeasurements,
  author = {Julien Tripette and Takafumi Ando and Haruka Murakami and Kenta Yamamoto and Kazunori Ohkawara and Shigeho Tanaka and Motohiko Miyachi},
  title = {{Evaluation of active video games intensity: Comparison between accelerometer-based predictions and indirect calorimetric measurements}},
  journal = {Technology and Health Care},
  year = {2014},
  volume = {22},
  number = {2},
  pages = {199-208},
  doi = {10.3233/THC-140817}}

@article{Unnithan2006EvaluationAdolescents,
  author = {V. B. Unnithan and W. Houser and B. Fernhall},
  title = {{Evaluation of the energy cost of playing a dance simulation video game in overweight and non-overweight children and adolescents}},
  journal = {Int. J. of Sports Medicine},
  year = {2006},
  volume = {27},
  number = {10},
  pages = {804-809},
  doi = {10.1055/s-2005-872964}}

@inproceedings{Finkelstein2013EvaluationAutism,
  author = {Samantha Finkelstein and Tiffany Barnes and Zachary Wartell and Evan A. Suma},
  title = {{Evaluation of the exertion and motivation factors of a virtual reality exercise game for children with autism}},
  booktitle = {2013 1st Workshop on Virtual and Augmented Assistive Technology, VAAT 2013; Co-located with the 2013 Virtual Reality Conference - Proceedings},
  year = {2013}, 
  pages = {11-16},
  doi = {10.1109/VAAT.2013.6786186}}

@article{Nyberg2017ExergamesEducation,
  author = {Gunn Nyberg and Jane Meckbach},
  title = {{Exergames ‘as a teacher’ of movement education: exploring knowing in moving when playing dance games in physical education}},
  journal = {Physical Education and Sport Pedagogy},
  year = {2017},
  volume = {22},
  number = {1},
  pages = {1-14},
  doi = {10.1080/17408989.2015.1112778}}


@article{Matrosly2017ExergamingInjury,
  author = {Maziah Matrosly and Hadi Matrosly and Nazirah Hasnan and Glen M. Davis and Ruby Husain},
  title = {{Exergaming boxing versus heavy-bag boxing: Are these equipotent for individuals with spinal cord injury?}},
  journal = {European J. of Physical and Rehabilitation Medicine},
  year = {2017},
  volume = {53},
  number = {4},
  pages = {527-534},
  doi = {10.23736/S1973-9087.17.04456-2}}

@article{MatRosly2017ExergamingStudy,
  author = {Maziah Mat Rosly and Mark Halaki and Hadi Mat Rosly and Victor Cuesta and Nazirah Hasnan and Glen M. Davis and Ruby Husain},
  title = {{Exergaming for Individuals with Spinal Cord Injury: A Pilot Study}},
  journal = {Games for Health J.},
  year = {2017},
  volume = {6},
  number = {5},
  pages = {279-289},
  doi = {10.1089/g4h.2017.0028}}

@article{Kooiman2016ExergamingEducation,
  author = {Brian J. Kooiman and Dwayne P. Sheehan and Michael Wesolek and Eliseo Reategui},
  title = {{Exergaming for physical activity in online physical education}},
  journal = {Int. J. of Distance Education Technologies},
  year = {2016},
  volume = {14},
  number = {2},
  pages = {1-16},
  doi = {10.4018/IJDET.2016040101}}

@article{Sun2012ExergamingChildren,
  author = {Haichun Sun},
  title = {{Exergaming impact on physical activity and interest in elementary school children}},
  journal = {Research Quarterly for Exercise and Sport},
  year = {2012},
  volume = {83},
  number = {2},
  pages = {212-220},
  doi = {10.5641/027013612800745248}}

@article{Radon2011FeasibilitySetting,
  author = {Katja Radon and Barbara Fürbeck and Silke Thomas and Wolfgang Siegfried and Dennis Nowak and Rüdiger von Kries},
  title = {{Feasibility of activity-promoting video games among obese adolescents and young adults in a clinical setting}},
  journal = {J. of Science and Medicine in Sport},
  year = {2011},
  volume = {14},
  number = {1},
  pages = {42-45},
  doi = {10.1016/j.jsams.2010.07.009}}

@article{Rowland2012FeasibilityDisabilities,
  author = {Jennifer L. Rowland and James H. Rimmer},
  title = {{Feasibility of Using Active Video Gaming as a Means for Increasing Energy Expenditure in Three Nonambulatory Young Adults With Disabilities}},
  journal = {PM and R},
  year = {2012},
  volume = {4},
  number = {8},
  pages = {569-573},
  doi = {10.1016/j.pmrj.2012.03.011}}

@article{Chandler2005FitHealth,
  author = {Clive Chandler and Len Noriega},
  title = {{Fit for play: A proof of concept in computer games for health}},
  journal = {WSEAS Transactions on Computers},
  year = {2005},
  volume = {4},
  number = {10},
  pages = {1339-1348}}

@article{Chaput2015FoodStatus,
  author = {J. P. Chaput and A. Tremblay and B. Pereira and Y. Boirie and M. Duclos and D. Thivel},
  title = {{Food intake response to exercise and active video gaming in adolescents effect of weight status}},
  journal = {British J. of Nutrition},
  year = {2015},
  volume = {115},
  number = {3},
  pages = {547-553},
  doi = {10.1017/S0007114515004602}}

@inproceedings{Hagen2016GameplayExercise,
  author = {Kristoffer Hagen and Konstantinos Chorianopoulos and Alf Inge Wang and Letizia Jaccheri and Stian Weie},
  title = {{Gameplay as exercise}},
  booktitle = {ACM CHI},
  year = {2016}, 
  pages = {1872-1878},
  doi = {10.1145/2851581.2892515}}

@incollection{MartinNiedecken2017GoPlanet,
  author = {Anna Lisa Martin-Niedecken and Ulrich Götz},
  title = {{Go with the dual flow: Evaluating the psychophysiological adaptive fitness game environment “plunder planet”}},
  booktitle = {Springer LNCS},
  year = {2017}, 
  pages = {32-43},
  doi = {10.1007/978-3-319-70111-0_4}}

@article{Sanders2015HeartVideogames,
  author = {Gabriel J. Sanders and Corey A. Peacock and Jacob E. Barkley and Brian Gish and Scott Brock and Josh Volpenhein},
  title = {{Heart Rate and Liking during "kinect Boxing" Versus "wii Boxing": The Potential for Enjoyable Vigorous Physical Activity Videogames}},
  journal = {Games for Health J.},
  year = {2015},
  volume = {4},
  number = {4},
  pages = {265-270},
  doi = {10.1089/g4h.2014.0068}}

@article{Kraft2011HeartParticipants,
  author = {Justin A. Kraft and William D. Russell and Tracy A. Bowman and Clifford W. Selsor III and Grant D. Foster},
  title = {{Heart rate and perceived exertion during self-selected intensities for exergaming compared to traditional exercise in college-age participants}},
  journal = {J. of Strength and Conditioning Research},
  year = {2011},
  volume = {25},
  number = {6},
  pages = {1736-1742},
  doi = {10.1519/JSC.0b013e3181e06f13}}

@article{Monteiro2014HemodynamicWellBeing,
  author = {Renato S. Monteiro and Luiz F. Figueiredo and Isabel Conceição and Carolina Carvalho and Eduardo Lattari and Gioia Mura and Sérgio Machado and Elirez B. Da Silva},
  title = {{Hemodynamic responses of unfit healthy women at a training session with Nintendo Wii: A possible impact on the general well-being}},
  journal = {Clinical Practice and Epidemiology in Mental Health},
  year = {2014},
  volume = {10},
  number = {1},
  pages = {172-175}}

@article{Pea2016IExergames,
  author = {Jorge Peña and Subuhi Khan and Cassandra Alexopoulos},
  title = {{I Am What I See: How Avatar and Opponent Agent Body Size Affects Physical Activity Among Men Playing Exergames}},
  journal = {J. of Computer-Mediated Communication},
  year = {2016},
  volume = {21},
  number = {3},
  pages = {195-209},
  doi = {10.1111/jcc4.12151}}

@inproceedings{Khan2009ImpactContext,
  author = {Romana Khan and Gianna Cassidy and Jonathan Sykes},
  title = {{Impact of music on ergogenic and psychophysical outcomes of exercise in a gameplay context}},
  booktitle = {Proceedings of Audio Mostly 2009 - A Conference on Interaction with Sound},
  year = {2009}, 
  pages = {83-87}}

@article{Cooper1995InteractiveUsers,
  author = {Rory A. Cooper and Annette Vosse and Rick N. Robertson and Michael L. Boninger},
  title = {{Interactive computer system for training wheelchair users}},
  journal = {Biomedical Engineering - Applications, Basis and Communications},
  year = {1995},
  volume = {7},
  number = {1},
  pages = {52-60}}

@article{Chan2012InteractiveEfficacy,
  author = {Tuen Ching Chan and Fei Chan and Yat Fung Shea and Oi Yee Lin and James Ka Hay Luk and Felix Hon Wai Chan},
  title = {{Interactive virtual reality Wii in geriatric day hospital: A study to assess its feasibility, acceptability and efficacy}},
  journal = {Geriatrics and Gerontology Int.},
  year = {2012},
  volume = {12},
  number = {4},
  pages = {714-721},
  doi = {10.1111/j.1447-0594.2012.00848.x}}

@article{Quinn2013IntroductionIntervention,
  author = {Margaret Quinn},
  title = {{Introduction of Active Video Gaming Into the Middle School Curriculum as a School-Based Childhood Obesity Intervention}},
  journal = {J. of Pediatric Health Care},
  year = {2013},
  volume = {27},
  number = {1},
  pages = {3-12},
  doi = {10.1016/j.pedhc.2011.03.011}}

@article{Mackintosh2016InvestigatingAdults,
  author = {Kelly A. Mackintosh and Martyn Standage and Amanda E. Staiano and Leanne Lester and Melitta A. McNarry},
  title = {{Investigating the Physiological and Psychosocial Responses of Single- and Dual-Player Exergaming in Young Adults}},
  journal = {Games for Health J.},
  year = {2016},
  volume = {5},
  number = {6},
  pages = {375-381},
  doi = {10.1089/g4h.2016.0015}}

@article{RoopchandMartin2016IsRunning,
  author = {Sharmella Roopchand-Martin and Gail A. Nelson},
  title = {{Is the WII ft free run activity a feasible mode of exercise for regular exercisers: A comparison with treadmill running}},
  journal = {J. of Sports Medicine and Physical Fitness},
  year = {2016},
  volume = {56},
  number = {10},
  pages = {1120-1124}}

@article{OConnor2002KineticSystem,
  author = {Thomas J. O'Connor and Shirley G. Fitzgerald and Rory A. Cooper and Tricia A. Thorman and Michael L. Boninger},
  title = {{Kinetic and physiological analysis of the GAMEWheels system}},
  journal = {J. of Rehabilitation Research and Development},
  year = {2002},
  volume = {39},
  number = {6},
  pages = {627-634}
}

@article{Chaput2016LeanOnes,
  author = {J. P. Chaput and P. M. Genin and B. Le Moel and B. Pereira and Y. Boirie and M. Duclos and D. Thivel},
  title = {{Lean adolescents achieve higher intensities but not higher energy expenditure while playing active video games compared with obese ones}},
  journal = {Pediatric Obesity},
  year = {2016},
  volume = {11},
  number = {2},
  pages = {102-106},
  doi = {10.1111/ijpo.12027}}

@article{Warburton2009MetabolicCycling,
  author = {Darren E.R. Warburton and Daniel Sarkany and Mika Johnson and Ryan E. Rhodes and Warren Whitford and Ben T.A. Esch and Jessica M. Scott and Shirley C. Wong and Shannon S.D. Bredin},
  title = {{Metabolic requirements of interactive video game cycling}},
  journal = {Medicine and Science in Sports and Exercise},
  year = {2009},
  volume = {41},
  number = {4},
  pages = {920-926},
  doi = {10.1249/MSS.0b013e31819012bd}}

@article{Stroud2010MetabolicAdults,
  author = {Leah C. Stroud and William E. Amonette and Terry L. Dupler},
  title = {{Metabolic responses of upper-body accelerometer-controlled video games in adults}},
  journal = {Applied Physiology, Nutrition and Metabolism},
  year = {2010},
  volume = {35},
  number = {5},
  pages = {643-649},
  doi = {10.1139/H10-058}}

@article{Worley2011MetabolicLevels,
  author = {Jennifer R. Worley and Sharon N. Rogers and Robert R. Kraemer},
  title = {{Metabolic responses to Wii Fit ™ video games at different game levels}},
  journal = {J. of Strength and Conditioning Research},
  year = {2011},
  volume = {25},
  number = {3},
  pages = {689-693},
  doi = {10.1519/JSC.0b013e318207eae9}}

@article{Miyachi2010MetsStudy,
  author = {Motohiko Miyachi and Kenta Yamamoto and Kazunori Ohkawara and Shigeho Tanaka},
  title = {{METs in adults while playing active video games: A metabolic chamber study}},
  journal = {Medicine and Science in Sports and Exercise},
  year = {2010},
  volume = {42},
  number = {6},
  pages = {1149-1153},
  doi = {10.1249/MSS.0b013e3181c51c78}}

@inproceedings{Wylie2009MobileExergaming,
  author = {Carlos Garcia Wylie and Paul Coulton},
  title = {{Mobile persuasive exergaming}},
  booktitle = {1st Int. IEEE Consumer Electronic Society's Games Innovation Conference, ICE-GiC 09},
  year = {2009}, 
  pages = {126-130},
  doi = {10.1109/ICEGIC.2009.5293582}}

@inproceedings{Nunes2014MotivatingEnvironments,
  author = {Mateus Nunes and Luciana Nedel and Valter Roesler},
  title = {{Motivating people to perform better in exergames: Competition in virtual environments}},
  booktitle = {Proceedings of the ACM Symposium on Applied Computing},
  year = {2014}, 
  pages = {970-975},
  doi = {10.1145/2554850.2555009}}

@article{Jordan2011OnlyExpenditure,
  author = {Mark Jordan and Bernard Donne and David Fletcher},
  title = {{Only lower limb controlled interactive computer gaming enables an effective increase in energy expenditure}},
  journal = {European J. of Applied Physiology},
  year = {2011},
  volume = {111},
  number = {7},
  pages = {1465-1472},
  doi = {10.1007/s00421-010-1773-3}}

@article{Berkovsky2012PhysicalReward,
  author = {Shlomo Berkovsky and Jill Freyne and Mac Coombe},
  title = {{Physical activity motivating games: Be active and get your own reward}},
  journal = {ACM Trans. Computer-Human Interaction},
  year = {2012},
  volume = {19},
  number = {4},
  pages = {-},
  doi = {10.1145/2395131.2395139}}

@inproceedings{Berkovsky2010PhysicalActivity,
  author = {Shlomo Berkovsky and Mac Coombe and Jill Freyne and Dipak Bhandari and Nilufar Baghaei},
  title = {{Physical activity motivating games: Virtual rewards for real activity}},
  booktitle = {ACM CHI},
  year = {2010}, 
  pages = {243-252},
  doi = {10.1145/1753326.1753362}}

@inproceedings{Berkovsky2009PhysicalMate,
  author = {Shlomo Berkovsky and Jill Freyne and Mac Coombe and Dipak Bhandari and Nilufar Baghaei},
  title = {{Physical activity motivating games: You can play, mate!}},
  booktitle = {Proceedings of the 21st Annual Conference of the Australian Computer-Human Interaction Special Interest Group - Design: Open 24/7, OZCHI '09},
  year = {2009}, 
  pages = {273-276},
  doi = {10.1145/1738826.1738872}}

@article{Wollersheim2010PhysicalWomen,
  author = {Dennis Wollersheim and Monika Merkes and Nora Shields and Pranee Liamputtong and Lara Wallis and Fay Reynolds and Lee Koh},
  title = {{Physical and psychosocial effects of Wii video game use among older women}},
  journal = {Australian J. of Emerging Technologies and Society},
  year = {2010},
  volume = {8},
  number = {2},
  pages = {85-98}}

@article{DeBritoGomes2016PhysicalTrial,
  author = {Jorge Luiz De Brito-Gomes and Raphael José Perrier-Melo and Saulo Fernandes Melo De Oliveira and Fernando José De Sá Pereira Guimarães and Manoel Da Cunha Costa},
  title = {{Physical Effort, Energy Expenditure, and Motivation in Structured and Unstructured Active Video Games: A Randomized Controlled Trial}},
  journal = {Human Movement},
  year = {2016},
  volume = {17},
  number = {3},
  pages = {190-198},
  doi = {10.1515/humo-2016-0021}}

@article{Bronner2016PhysiologicalProtocol,
  author = {Shaw Bronner and Russell Pinsker and Rutika Naik and J. Adam Noah},
  title = {{Physiological and psychophysiological responses to an exer-game training protocol}},
  journal = {J. of Science and Medicine in Sport},
  year = {2016},
  volume = {19},
  number = {3},
  pages = {267-271},
  doi = {10.1016/j.jsams.2015.03.003}}

@article{Soltani2017PhysiologicalExperience,
  author = {Pooya Soltani and Pedro Figueiredo and João Ribeiro and Ricardo J. Fernandes and João Paulo Vilas-Boas},
  title = {{Physiological demands of a swimming-based video game: Influence of gender, swimming background, and exergame experience}},
  journal = {Scientific Reports},
  year = {2017},
  volume = {7},
  number = {1},
  pages = {-},
  doi = {10.1038/s41598-017-05583-8}}

@article{delCorral2014PhysiologicalCf,
  author = {Tamara del Corral and Janaína Percegona and Melisa Seborga and Roberto A. Rabinovich and Jordi Vilaró},
  title = {{Physiological response during activity programs using Wii-based video games in patients with cystic fibrosis (CF)}},
  journal = {J. of Cystic Fibrosis},
  year = {2014},
  volume = {13},
  number = {6},
  pages = {706-711},
  doi = {10.1016/j.jcf.2014.05.004}}

@article{Santo2016PhysiologicalPlay,
  author = {Antonio S. Santo and Jacob E. Barkley and Paul S. Hafen and James Navalta},
  title = {{Physiological Responses and Hedonics during Prolonged Physically Interactive Videogame Play}},
  journal = {Games for Health J.},
  year = {2016},
  volume = {5},
  number = {2},
  pages = {108-113},
  doi = {10.1089/g4h.2015.0077}}

@article{Carbonera2016PhysiologicalReview,
  author = {Raquel Pinto Carbonera and Fernanda Maria Vendrusculo and Márcio Vinícius Fagundes Donadio},
  title = {{Physiological responses during exercise with video games in patients with cystic fibrosis: A systematic review}},
  journal = {Respiratory Medicine},
  year = {2016},
  volume = {119},
  number = {None},
  pages = {63-69},
  doi = {10.1016/j.rmed.2016.08.011}}

@article{Burns2012PhysiologicalInjury,
  author = {Patricia Burns and Jochen Kressler and Mark Nash},
  title = {{Physiological responses to exergaming after spinal cord injury}},
  journal = {Topics in Spinal Cord Injury Rehabilitation},
  year = {2012},
  volume = {18},
  number = {4},
  pages = {331-339},
  doi = {10.1310/sci1804-331}}

@inproceedings{Parent2017PilotRehabilitation,
  author = {Andree Anne Parent and Alain Steve Comtois},
  title = {{Pilot project: Feasibility of high-intensity active video game with COPD patients. Tools for home rehabilitation}},
  booktitle = {Int. Conference on Virtual Rehabilitation, ICVR},
  year = {2017}, 
  pages = {-},
  doi = {10.1109/ICVR.2017.8007476}}

@article{Graf2009PlayingChildren,
  author = {Diana L. Graf and Lauren V. Pratt and Casey N. Hester and Kevin R. Short},
  title = {{Playing active video games increases energy expenditure in children}},
  journal = {Pediatrics},
  year = {2009},
  volume = {124},
  number = {2},
  pages = {534-540},
  doi = {10.1542/peds.2008-2851}}

@article{Kastenmller2013PlayingCharacter,
  author = {Andreas Kastenmüller and Tobias Greitemeyer and Stephen Fairclough and Daniel Waite and Peter Fischer},
  title = {{Playing exergames and sporting activity: The impact of identification with one's game character}},
  journal = {Social Psychology},
  year = {2013},
  volume = {44},
  number = {4},
  pages = {264-270},
  doi = {10.1027/1864-9335/a000111}}

@article{Neil2013SonyRehabilitation,
  author = {A. Neil and S. Ens and R. Pelletier and T. Jarus and D. Rand},
  title = {{Sony PlayStation EyeToy elicits higher levels of movement than the Nintendo Wii: Implications for stroke rehabilitation}},
  journal = {European J. of Physical and Rehabilitation Medicine},
  year = {2013},
  volume = {49},
  number = {1},
  pages = {13-21}}

@article{Guderian2010TheAdults,
  author = {B. Guderian and L. A. Borreson and L. E. Sletten and K. Cable and T. P. Stecker and M. A. Probst and L. C. Dalleck},
  title = {{The cardiovascular and metabolic responses to Wii Fit video game playing in middle-aged and older adults}},
  journal = {J. of Sports Medicine and Physical Fitness},
  year = {2010},
  volume = {50},
  number = {4},
  pages = {436-442}}

@article{Graves2008TheWii,
  author = {L. E F Graves and Nicola D. Ridgers and Gareth Stratton},
  title = {{The contribution of upper limb and total body movement to adolescents' energy expenditure whilst playing Nintendo Wii}},
  journal = {European J. of Applied Physiology},
  year = {2008},
  volume = {104},
  number = {4},
  pages = {617-623},
  doi = {10.1007/s00421-008-0813-8}}

@article{Lin2015TheGames,
  author = {Jih Hsuan Lin and Wei Peng},
  title = {{The contributions of perceived graphic and enactive realism to enjoyment and engagement in active video games}},
  journal = {Int. J. of Technology and Human Interaction},
  year = {2015},
  volume = {11},
  number = {3},
  pages = {1-6},
  doi = {10.4018/ijthi.2015070101}}

@article{Giannousi2017ThePonaanja,
  author = {Maria Giannousi and Efthimis Kioumourtzoglou},
  title = {{The differences between boys and girls on enjoyment of exergames and sedentary behaviours Razlike između dječaka i djevojčica u zadovoljstvu u exergames-u I sedentarnih ponašanja}},
  journal = {Sport Science},
  year = {2017},
  volume = {10},
  number = {None},
  pages = {12-17}}

@article{Fogel2010TheClassroom,
  author = {Victoria A. Fogel and Raymond G. Miltenberger and Rachel Graves and Shannon Koehler},
  title = {{The effects of exergaming on physical activity among inactive children in a physical education classroom}},
  journal = {J. of Applied Behavior Analysis},
  year = {2010},
  volume = {43},
  number = {4},
  pages = {591-600},
  doi = {10.1901/jaba.2010.43-591}}

@article{Shayne2012TheClass,
  author = {Rachel K. Shayne and Victoria A. Fogel and Raymond G. Miltenberger and Shannon Koehler},
  title = {{The effects ofexergaming onphysical activity in a third-grade physical education class}},
  journal = {J. of Applied Behavior Analysis},
  year = {2012},
  volume = {45},
  number = {1},
  pages = {211-215},
  doi = {10.1901/jaba.2012.45-211}}

@article{ODonovan2014TheWeight,
  author = {C. O'Donovan and E. F. Roche and J. Hussey},
  title = {{The energy cost of playing active video games in children with obesity and children of a healthy weight}},
  journal = {Pediatric Obesity},
  year = {2014},
  volume = {9},
  number = {4},
  pages = {310-317},
  doi = {10.1111/j.2047-6310.2013.00172.x}}

@article{Mellecker2009TheChildren,
  author = {Robin R. Mellecker and Alison M. McManus and Lorraine M. Lanningham-Foster and James A. Levine},
  title = {{The feasibility of ambulatory screen time in children}},
  journal = {Int. J. of Pediatric Obesity},
  year = {2009},
  volume = {4},
  number = {2},
  pages = {106-111},
  doi = {10.1080/17477160802315002}}

@article{Fitzgerald2004TheErgometry,
  author = {Shirley G. Fitzgerald and Rory A. Cooper and Tricia Thorman and Rosemarie Cooper and Song Feng Guo and Michael L. Boninger},
  title = {{The GAME(Cycle) exercise system: comparison with standard ergometry.}},
  journal = {The journal of spinal cord medicine},
  year = {2004},
  volume = {27},
  number = {5},
  pages = {453-459},
  doi = {10.1080/10790268.2004.11752237}}

@article{Peng2012TheGame,
  author = {Wei Peng and Gary Hsieh},
  title = {{The influence of competition, cooperation, and player relationship in a motor performance centered computer game}},
  journal = {Computers in Human Behavior},
  year = {2012},
  volume = {28},
  number = {6},
  pages = {2100-2106},
  doi = {10.1016/j.chb.2012.06.014}}

@incollection{Lilla2012ThePatients,
  author = {Damian Lilla and Marc Herrlich and Rainer Malaka and Dennis Krannich},
  title = {{The influence of music on player performance in exergames for Parkinson's patients}},
  booktitle = {Lecture Notes in Computer Science (including subseries Lecture Notes in Artificial Intelligence and Lecture Notes in Bioinformatics)},
  year = {2012}, 
  pages = {433-436},
  doi = {10.1007/978-3-642-33542-6_46}}

@article{Rincker2017TheFitness,
  author = {Meg Rincker and Susan Misner},
  title = {{The Jig Experiment: Development and Evaluation of a Cultural Dance Active Video Game for Promoting Youth Fitness}},
  journal = {Computers in the Schools},
  year = {2017},
  volume = {34},
  number = {4},
  pages = {223-235},
  doi = {10.1080/07380569.2017.1387468}}

@article{Lu2016TheStudy,
  author = {Amy Shirong Lu and Tom Baranowski and S. Lee Hong and Richard Buday and Debbe Thompson and Alicia Beltran and Hafza Razak Dadabhoy and Tzu An Chen},
  title = {{The narrative impact of active video games on physical activity among children: A feasibility study}},
  journal = {J. of Medical Internet Research},
  year = {2016},
  volume = {18},
  number = {10},
  pages = {-},
  doi = {10.2196/jmir.6538}}

@article{Howe2015TheAdults,
  author = {Cheryl A. Howe and Marcus W. Barr and Brett C. Winner and Jenelynn R. Kimble and Jason B. White},
  title = {{The physical activity energy cost of the latest active video games in young adults}},
  journal = {J. of Physical Activity and Health},
  year = {2015},
  volume = {12},
  number = {2},
  pages = {171-177},
  doi = {10.1123/jpah.2013-0023}}

@article{Graves2010TheAdults,
  author = {Lee E.F. Graves and Nicola D. Ridgers and Karen Williams and Gareth Stratton and Greg Atkinson and Nigel T. Cable},
  title = {{The physiological cost and enjoyment of Wii fit in adolescents, young adults, and older adults}},
  journal = {J. of Physical Activity and Health},
  year = {2010},
  volume = {7},
  number = {3},
  pages = {393-401},
  doi = {10.1123/jpah.7.3.393}}

@article{Staiano2012TheYouth,
  author = {Amanda E. Staiano and Anisha A. Abraham and Sandra L. Calvert},
  title = {{The Wii Club: Gaming for Weight Loss in Overweight and Obese Youth}},
  journal = {Games for Health J.},
  year = {2012},
  volume = {1},
  number = {5},
  pages = {377-380},
  doi = {10.1089/g4h.2012.0052}}

@inproceedings{Ketcheson2016ThighrimExergames,
  author = {Mallory Ketcheson and Luke Walker and T. C.Nicholas Graham},
  title = {{Thighrim and calf-life: A study of the conversion of off-the-shelf video games into Exergames}},
  booktitle = {ACM CHI},
  year = {2016}, 
  pages = {2681-2692},
  doi = {10.1145/2858036.2858406}}

@article{Gao2012UrbanSpecificity,
  author = {Zan Gao and Leslie Podlog},
  title = {{Urban Latino children's physical activity levels and performance in interactive dance video games: Effects of goal difficulty and goal specificity}},
  journal = {Archives of Pediatrics and Adolescent Medicine},
  year = {2012},
  volume = {166},
  number = {10},
  pages = {933-937},
  doi = {10.1001/archpediatrics.2012.649}}

@article{Thin2013UserTechnologies,
  author = {Alasdair G. Thin and Craig Brown and Paul Meenan},
  title = {{User experiences while playing dance-based exergames and the influence of different body motion sensing technologies}},
  journal = {Int. J. of Computer Games Technology},
  year = {2013},
  volume = {None},
  number = {None},
  pages = {-},
  doi = {10.1155/2013/603604}}

@article{Wardini2013UsingDisease,
  author = {Rima Wardini and Esther Dajczman and Nathan Yang and Marcel Baltzan and David Préfontaine and Maria Stathatos and Haguit Marciano and Shawn Watson and Norman Wolkove},
  title = {{Using a virtual game system to innovate pulmonary rehabilitation: Safety, adherence and enjoyment in severe chronic obstructive pulmonary disease}},
  journal = {Canadian Respiratory J.},
  year = {2013},
  volume = {20},
  number = {5},
  pages = {357-361},
  doi = {10.1155/2013/563861}}

@article{AdamNoah2011VigorousExerGame,
  author = {J. Adam Noah and David K. Spierer and Atsumichi Tachibana and Shaw Bronner},
  title = {{Vigorous energy expenditure with a dance exer-game}},
  journal = {J. of Exercise Physiology Online},
  year = {2011},
  volume = {14},
  number = {4},
  pages = {13-28}}

@article{Jenny2015VirtualPerceptions,
  author = {Seth E. Jenny and David P. Schary},
  title = {{Virtual and “real-life” wall/rock climbing: motor movement comparisons and video gaming pedagogical perceptions}},
  journal = {Sports Technology},
  year = {2015},
  volume = {8},
  number = {3-4},
  pages = {100-111},
  doi = {10.1080/19346182.2015.1118110}}

@article{Garn2012WhatIntentions,
  author = {Alex C. Garn and Birgitta L. Baker and Emily K. Beasley and Melinda A. Solmon},
  title = {{What are the benefits of a commercial exergaming platform for college students? Examining physical activity, enjoyment, and future intentions}},
  journal = {J. of Physical Activity and Health},
  year = {2012},
  volume = {9},
  number = {2},
  pages = {311-318},
  doi = {10.1123/jpah.9.2.311}}

@article{Tripette2014WiiAdults,
  author = {Julien Tripette and Haruka Murakami and Takafumi Ando and Ryoko Kawakami and Noriko Tanaka and Shigeho Tanaka and Motohiko Miyachi},
  title = {{Wii Fit U intensity and enjoyment in adults}},
  journal = {BMC Research Notes},
  year = {2014},
  volume = {7},
  number = {1},
  pages = {-},
  doi = {10.1186/1756-0500-7-567}}

@article{Staiano2011WiiExpenditure,
  author = {Amanda E. Staiano and Sandra L. Calvert},
  title = {{Wii tennis play for low-income african american adolescents energy expenditure}},
  journal = {Cyberpsychology},
  year = {2011},
  volume = {5},
  number = {1},
  pages = {4-None}}

@article{Li2014WiiExergames,
  author = {Benjamin J. Li and May O. Lwin and Younbo Jung},
  title = {{Wii, Myself, and Size: The Influence of Proteus Effect and Stereotype Threat on Overweight Children's Exercise Motivation and Behavior in Exergames}},
  journal = {Games for Health J.},
  year = {2014},
  volume = {3},
  number = {1},
  pages = {40-48},
  doi = {10.1089/g4h.2013.0081}}

@article{Holmes2013XboxFibrosis,
  author = {Hayley Holmes and Jamie Wood and Sue Jenkins and Peta Winship and Dianne Lunt and Susan Bostock and Kylie Hill},
  title = {{Xbox Kinect™ represents high intensity exercise for adults with cystic fibrosis}},
  journal = {J. of Cystic Fibrosis},
  year = {2013},
  volume = {12},
  number = {6},
  pages = {604-608},
  doi = {10.1016/j.jcf.2013.05.005}}

%	url = {https://doi.org/10.1007%2F978-3-319-39949-2_32},
@incollection{Loos_2016,
	doi = {10.1007/978-3-319-39949-2_32},
	year = 2016,
	publisher = {Springer Int. Publishing},
	pages = {330--341},
	author = {Eug{\`{e}}ne Loos and Annemiek Zonneveld},
	title = {Silver Gaming: Serious Fun for Seniors?},
	booktitle = {Human Aspects of {IT} for the Aged Population. Healthy and Active Aging}
}

@article{Perusek2014AAdults,
  author = {Kristen Perusek and Kenneth Sparks and Kathleen Little and Mary Motley and Sheila Patterson and Jennifer Wieand},
  title = {{A Comparison of Energy Expenditure during "wii Boxing" Versus Heavy Bag Boxing in Young Adults}},
  journal = {Games for Health J.},
  year = {2014},
  volume = {3},
  number = {1},
  pages = {21-24},
  doi = {10.1089/g4h.2013.0059}}

@article{Mellecker2014ActiveJMat,
  author = {R. R. Mellecker and A. M. McManus},
  title = {{Active video games and physical activity recommendations: A comparison of the Gamercize Stepper, XBOX Kinect and XaviX J-Mat}},
  journal = {J. of Science and Medicine in Sport},
  year = {2014},
  volume = {17},
  number = {3},
  pages = {288-292},
  doi = {10.1016/j.jsams.2013.05.008}}

% url = {https://doi.org/10.1089%2Fg4h.2017.0085},
@article{Viana_2017,
	doi = {10.1089/g4h.2017.0085},
	year = 2017,
	month = {dec},
	publisher = {Mary Ann Liebert Inc},
	volume = {6},
	number = {6},
	pages = {365--370},
	author = {Ricardo Borges Viana and Claudia Lima Alves and Carlos Alexandre Vieira and Rodrigo Luiz Vancini and Mario Hebling Campos and Paulo Gentil and Mar{\'{\i}}lia Santos Andrade and Claudio Andre Barbosa de Lira},
	title = {Anxiolytic Effects of a Single Session of the Exergame Zumba{\textregistered} Fitness on Healthy Young Women},
	journal = {Games for Health J.}
}

@article{Lisn2015CompetitiveAdolescents,
  author = {Juan F. Lisón and Ausias Cebolla and Jaime Guixeres and Julio Álvarez-Pitti and Patricia Escobar and Alejandro Bruñó and Empar Lurbe and Mariano Alcañiz and Rosa Baños},
  title = {{Competitive active video games: Physiological and psychological responses in children and adolescents}},
  journal = {Paediatrics and Child Health (Canada)},
  year = {2015},
  volume = {20},
  number = {7},
  pages = {373-376},
  doi = {10.1093/pch/20.7.373}}

@article{Vallabhajosula2016EffectStudy,
  author = {Srikant Vallabhajosula and Jessica B. Holder and Elizabeth K. Bailey},
  title = {{Effect of Exergaming on Physiological Response and Enjoyment during Recess in Elementary School-Aged Children: A Pilot Study}},
  journal = {Games for Health J.},
  year = {2016},
  volume = {5},
  number = {5},
  pages = {325-332},
  doi = {10.1089/g4h.2016.0032}}

@article{Lau2015EvaluatingChildren,
  author = {Patrick W.C. Lau and Yan Liang and Erica Y. Lau and Choung Rak Choi and Chang Gyun Kim and Myung Soo Shin},
  title = {{Evaluating physical and perceptual responses to exergames in chinese children}},
  journal = {Int. J. of Environmental Research and Public Health},
  year = {2015},
  volume = {12},
  number = {4},
  pages = {4018-4030},
  doi = {10.3390/ijerph120404018}}

@article{Dematteo2014EvaluatingInjury,
  author = {Carol Dematteo and Dayna Greenspoon and Danielle Levac and Jessica A. Harper and Mandy Rubinoff},
  title = {{Evaluating the Nintendo Wii for assessing return to activity readiness in youth with mild traumatic brain injury}},
  journal = {Physical and Occupational Therapy in Pediatrics},
  year = {2014},
  volume = {34},
  number = {3},
  pages = {229-244},
  doi = {10.3109/01942638.2014.885103}}

@article{Moholdt2017ExergamingTraining,
  author = {Trine Moholdt and Stian Weie and Konstantinos Chorianopoulos and Alf Inge Wang and Kristoffer Hagen},
  title = {{Exergaming can be an innovative way of enjoyable high-intensity interval training}},
  journal = {BMJ Open Sport and Exercise Medicine},
  year = {2017},
  volume = {3},
  number = {1},
  pages = {-},
  doi = {10.1136/bmjsem-2017-000258}}

@article{Glen2017ExergamingHarder,
  author = {Kate Glen and Roger Eston and Tobias Loetscher and Gaynor Parfitt},
  title = {{Exergaming: Feels good despite working harder}},
  journal = {PLoS ONE},
  year = {2017},
  volume = {12},
  number = {10},
  pages = {-},
  doi = {10.1371/journal.pone.0186526}}

@article{Samendinger2017IntroductoryPartners,
  author = {Stephen Samendinger and Samuel T. Forlenza and Brian Winn and Emery J. Max and Norbert L. Kerr and Karin A. Pfeiffer and Deborah L. Feltz},
  title = {{Introductory dialogue and the Köhler Effect in software-generated workout partners}},
  journal = {Psychology of Sport and Exercise},
  year = {2017},
  volume = {32},
  number = {None},
  pages = {131-137},
  doi = {10.1016/j.psychsport.2017.07.001}}

@article{McNarry2016InvestigatingChildren,
  author = {Melitta A. McNarry and Kelly A. Mackintosh},
  title = {{Investigating the Relative Exercise Intensity of Exergames in Prepubertal Children}},
  journal = {Games for Health J.},
  year = {2016},
  volume = {5},
  number = {2},
  pages = {135-140},
  doi = {10.1089/g4h.2015.0094}}

@article{Soltani2017MuscleVelocity,
  author = {Pooya Soltani and Pedro Figueiredo and Ricardo J. Fernandes and João Paulo Vilas-Boas},
  title = {{Muscle activation behavior in a swimming exergame: Differences by experience and gaming velocity}},
  journal = {Physiology and Behavior},
  year = {2017},
  volume = {181},
  number = {None},
  pages = {23-28},
  doi = {10.1016/j.physbeh.2017.09.001}}

@article{Hoffmann2015PersonalizedStudy,
  author = {Katrin Hoffmann and Dipl Sportwiss and Sandro Hardy and Josef Wiemeyer and Stefan Göbel},
  title = {{Personalized Adaptive Control of Training Load in Cardio-Exergames - A Feasibility Study}},
  journal = {Games for Health J.},
  year = {2015},
  volume = {4},
  number = {6},
  pages = {470-479},
  doi = {10.1089/g4h.2014.0073}}

%	url = {https://doi.org/10.1249%2F01.mss.0000402898.14932.53},
@article{Sanders_2011,
	doi = {10.1249/01.mss.0000402898.14932.53},
	year = 2011,
	month = {may},
	publisher = {Ovid Technologies (Wolters Kluwer Health)},
	volume = {43},
	number = {Suppl 1},
	pages = {75},
	author = {Gabriel J. Sanders and Antonia S. Santo and Corey A. Peacock and Kyle-Patrick Von Carlowitz and Jacob E. Barkley},
	title = {Physiologic Responses, Liking and Motivation for Playing a Video Game on a Physically Interactive Versus a Traditional Gaming System},
	journal = {Medicine {\&} Science in Sports {\&} Exercise}
}

%	url = {https://doi.org/10.2174%2F1875399x00902010042},
@article{Haddock_2009,
	doi = {10.2174/1875399x00902010042},
	year = 2009,
	month = {apr},
	publisher = {Bentham Science Publishers Ltd.},
	volume = {2},
	number = {1},
	pages = {42--46},
	author = {Bryan L. Haddock and Shannon R. Siegel and Linda D. Wikin},
	title = {The Addition of a Video Game to Stationary Cycling: The Impact on Energy Expenditure in Overweight Children},
	journal = {The Open Sports Sciences J.}
}

@article{ODonovan2014TheTest,
  author = {Cuisle O'Donovan and John Gormley and Juliette M. Hussey},
  title = {{The Potential of "wii Fit Free Jogging" as an Exercise Test}},
  journal = {Games for Health J.},
  year = {2014},
  volume = {3},
  number = {5},
  pages = {296-302},
  doi = {10.1089/g4h.2013.0089}}

%	url = {https://doi.org/10.2196%2Fgames.7197},
@article{Rasche_2017,
	doi = {10.2196/games.7197},
	year = 2017,
	month = {apr},
	publisher = {{JMIR} Publications Inc.},
	volume = {5},
	number = {2},
	pages = {e7},
	author = {Peter Rasche and Anna Schlomann and Alexander Mertens},
	title = {Who Is Still Playing Pok{\'{e}}mon Go? A Web-Based Survey},
	journal = {{JMIR} Serious Games}
}

@article{Kim2018EffectsPresence,
  author = {Jihyun Kim and C. Erik Timmerman},
  title = {{Effects of Supportive Feedback Messages on Exergame Experiences: A Mediating Role of Social Presence}},
  journal = {J. of Media Psychology},
  year = {2018},
  volume = {30},
  number = {1},
  pages = {29-40},
  doi = {10.1027/1864-1105/a000175}}

@article{Zhang2017ActiveEnjoyment,
  author = {Xueying Zhang and Bijie Bie and Dylan McLemore and Lindsey Conlin and Kim Bissell and Scott Parrott and Perrin Lowrey},
  title = {{Active Video Game Play in African American Children: The Effect of Gender and BMI on Exertion and Enjoyment}},
  journal = {Howard J. of Communications},
  year = {2017},
  volume = {28},
  number = {3},
  pages = {280-296},
  doi = {10.1080/10646175.2016.1270860}}

@inproceedings{Yoo2016VrunExergame,
  author = {Soojeong Yoo and Judy Kay},
  title = {{VRun: Running-in-place virtual reality exergame}},
  booktitle = {Proceedings of the 28th Australian Computer-Human Interaction Conference, OzCHI 2016},
  year = {2016}, 
  pages = {562-566},
  doi = {10.1145/3010915.3010987}}

@inproceedings{Mocanu2016AExergame,
  author = {Irina Mocanu and Cosmin Marian and Lucia Rusu and Raluca Arba},
  title = {{A Kinect based adaptive exergame}},
  booktitle = {Proceedings - 2016 IEEE 12th Int. Conference on Intelligent Computer Communication and Processing, ICCP 2016},
  year = {2016}, 
  pages = {117-124},
  doi = {10.1109/ICCP.2016.7737132}}

@inproceedings{Muoz2016ModulationExperiences,
  author = {John Edison Muñoz and Mónica S. Cameirão and Elvio Rubio and Teresa Paulino and Sergi Bermudez I Badia},
  title = {{Modulation of physiological responses and activity levels during Exergame experiences}},
  booktitle = {2016 8th Int. Conference on Games and Virtual Worlds for Serious Applications, VS-Games 2016},
  year = {2016}, 
  pages = {-},
  doi = {10.1109/VS-GAMES.2016.7590353}}

@article{Hchsmann2016CardiorespiratoryDiabetes,
  author = {Christoph Höchsmann and Nicole Zürcher and Andrea Stamm and Arno Schmidt-Trucksäss},
  title = {{Cardiorespiratory Exertion while Playing Video Game Exercises in Elderly Individuals with Type 2 Diabetes}},
  journal = {Clinical J. of Sport Medicine},
  year = {2016},
  volume = {26},
  number = {4},
  pages = {326-331},
  doi = {10.1097/JSM.0000000000000258}}

@inproceedings{Choi2016SwimtrainSwimming,
  author = {Woohyeok Choi and Jeungmin Oh and Darren Edge and Joohyun Kim and Uichin Lee},
  title = {{SwimTrain: Exploring exergame design for group fitness swimming}},
  booktitle = {ACM CHI},
  year = {2016}, 
  pages = {1692-1704},
  doi = {10.1145/2858036.2858579}}

@inproceedings{Mansart2016GoExercise,
  author = {Chiraphruet Mansart and Siriluck Sukitphittayanon and Panitan Pantongkhum and Supphachai Thaicharoen},
  title = {{Go Run Go: An Android Game-Story Application for Aiding Motivation to Exercise}},
  booktitle = {Proceedings - 2015 IEEE Int. Symposium on Multimedia, ISM 2015},
  year = {2016}, 
  pages = {407-410},
  doi = {10.1109/ISM.2015.49}}

@article{Gillman2016EffectsExercise,
  author = {Arielle S. Gillman and Angela D. Bryan},
  title = {{Effects of Performance Versus Game-Based Mobile Applications on Response to Exercise}},
  journal = {Annals of Behavioral Medicine},
  year = {2016},
  volume = {50},
  number = {1},
  pages = {157-162},
  doi = {10.1007/s12160-015-9730-3}}

@inproceedings{Schneider2016PushingImmersion,
  author = {Adrian L.Jessup Schneider and T. C.Nicholas Graham},
  title = {{Pushing without breaking: Nudging exergame players while maintaining immersion}},
  booktitle = {2015 IEEE Games Entertainment Media Conference, GEM 2015},
  year = {2016}, 
  pages = {-},
  doi = {10.1109/GEM.2015.7377222}}

@inproceedings{Keum2015ExergameCare,
  author = {Jeongho Keum and Ji Hwan Ryu and Yoo Jung Moon and Hyerim Cheon and Nahyeon Lee and Byung Chull Bae and Jun Dong Cho},
  title = {{Exergame development using body composition data for obesity care}},
  booktitle = {CHI PLAY 2015 - Proceedings of the 2015 Annual Symposium on Computer-Human Interaction in Play},
  year = {2015}, 
  pages = {577-582},
  doi = {10.1145/2793107.2810285}}

@article{Lin2015JustOutcomes,
  author = {Jih Hsuan Lin},
  title = {{"just Dance": The Effects of Exergame Feedback and Controller Use on Physical Activity and Psychological Outcomes}},
  journal = {Games for Health J.},
  year = {2015},
  volume = {4},
  number = {3},
  pages = {183-189},
  doi = {10.1089/g4h.2014.0092}}

@article{Monedero2015InteractiveAdults,
  author = {Javier Monedero and Elizabeth J. Lyons and Donal J. O'Gorman},
  title = {{Interactive video game cycling leads to higher energy expenditure and is more enjoyable than conventional exercise in adults}},
  journal = {PLoS ONE},
  year = {2015},
  volume = {10},
  number = {3},
  pages = {-},
  doi = {10.1371/journal.pone.0118470}}

@inproceedings{Brox2015ExperienceElderly,
  author = {Ellen Brox and Gunn Evertsen and Heidi Åsheim-Olsen and Santiago Hors-Fraile and James Browne},
  title = {{Experience with a 3D kinect exergame for elderly}},
  booktitle = {HEALTHINF 2015 - 8th Int. Conference on Health Informatics, Proceedings; Part of 8th Int. Joint Conference on Biomedical Engineering Systems and Technologies, BIOSTEC 2015},
  year = {2015}, 
  pages = {231-238}}

@article{Salonini2015ActiveFun,
  author = {Elena Salonini and Simone Gambazza and Ilaria Meneghelli and Gloria Tridello and Milva Sanguanini and Clizia Cazzarolli and Alessandra Zanini and Baroukh M. Assael},
  title = {{Active video game playing in children and adolescents with cystic fibrosis: Exercise or just fun?}},
  journal = {Respiratory Care},
  year = {2015},
  volume = {60},
  number = {8},
  pages = {1172-1179},
  doi = {10.4187/respcare.03576}}

@incollection{Hwang2015PreliminaryExergame,
  author = {Wu Yuin Hwang and Kanoksak Wattanachote and Timothy K. Shih and Shih Ching Yeh and Shi Yi Zhan},
  title = {{Preliminary investigation of interactive behaviors in distant collaborative exergame}},
  booktitle = {Lecture Notes in Computer Science (including subseries Lecture Notes in Artificial Intelligence and Lecture Notes in Bioinformatics)},
  year = {2015}, 
  pages = {213-222},
  doi = {10.1007/978-3-662-46315-4_22}}

@article{Lyons2014EngagementPlay,
  author = {Elizabeth J. Lyons and Deborah F. Tate and Dianne S. Ward and Kurt M. Ribisl and J. Michael Bowling and Sriram Kalyanaraman},
  title = {{Engagement, enjoyment, and energy expenditure during active video game play}},
  journal = {Health Psychology},
  year = {2014},
  volume = {33},
  number = {2},
  pages = {174-181},
  doi = {10.1037/a0031947}}

@inproceedings{Choi2014MobydickExergame,
  author = {Woohyeok Choi and Jeungmin Oh and Taiwoo Park and Seongjun Kang and Miri Moon and Uichin Lee and Inseok Hwang and Junehwa Song},
  title = {{MobyDick: An interactive multi-swimmer exergame}},
  booktitle = {SenSys 2014 - Proceedings of the 12th ACM Conference on Embedded Networked Sensor Systems},
  year = {2014}, 
  pages = {76-90},
  doi = {10.1145/2668332.2668352}}

@article{Pea2014IncreasingAppearance,
  author = {Jorge Peña and Eunice Kim},
  title = {{Increasing exergame physical activity through self and opponent avatar appearance}},
  journal = {Computers in Human Behavior},
  year = {2014},
  volume = {41},
  number = {None},
  pages = {262-267},
  doi = {10.1016/j.chb.2014.09.038}}

@article{Kajastila2014EmpoweringGame,
  author = {Raine Kajastila and Leo Holsti and Perttu Hämäläinen},
  title = {{Empowering the exercise: A body-controlled trampoline training game}},
  journal = {Int. J. of Computer Science in Sport},
  year = {2014},
  volume = {13},
  number = {1},
  pages = {6-23}}

@article{Kim2014BodyChange,
  author = {Sung Yeun Kim and Nathan Prestopnik and Frank A. Biocca},
  title = {{Body in the interactive game: How interface embodiment affects physical activity and health behavior change}},
  journal = {Computers in Human Behavior},
  year = {2014},
  volume = {36},
  number = {None},
  pages = {376-384},
  doi = {10.1016/j.chb.2014.03.067}}

@article{Robert2013ExerciseConsole,
  author = {Maxime Robert and Laurent Ballaz and Raphael Hart and Martin Lemay},
  title = {{Exercise intensity levels in children with cerebral palsy while playing with an active video game console}},
  journal = {Physical Therapy},
  year = {2013},
  volume = {93},
  number = {8},
  pages = {1084-1091},
  doi = {10.2522/ptj.20120204}}

@inproceedings{Landry2013DesignChildren,
  author = {Pascal Landry and Joseph Minsky and Marta Castañer and Oleguer Camerino and Rosa Rodriguez-Arregui and Enric Ormo and Narcis Pares},
  title = {{Design strategy to stimulate a diversity of motor skills for an exergame addressed to children}},
  booktitle = {ACM Int. Conference Proceeding Series},
  year = {2013}, 
  pages = {84-91},
  doi = {10.1145/2485760.2485781}}

@article{Sun2013AnExergame,
  author = {Tien Lung Sun and Chia Hsuan Lee},
  title = {{An Impact Study of the Design of Exergaming Parameters on Body Intensity from Objective and Gameplay-Based Player Experience Perspectives, Based on Balance Training Exergame}},
  journal = {PLoS ONE},
  year = {2013},
  volume = {8},
  number = {7},
  pages = {-},
  doi = {10.1371/journal.pone.0069471}}

@article{Peng2013PlayingExertion,
  author = {Wei Peng and Julia Crouse},
  title = {{Playing in parallel: The effects of multiplayer modes in active video game on motivation and physical exertion}},
  journal = {Cyberpsychology, Behavior, and Social Networking},
  year = {2013},
  volume = {16},
  number = {6},
  pages = {423-427},
  doi = {10.1089/cyber.2012.0384}}

@article{Eichhorn2013DevelopmentDiseases,
  author = {Stefan Eichhorn and V. Koller and U. Schreiber and A. Mendoza and M. Krane and R. Lange},
  title = {{Development of an Exergame for individual rehabilitation of patients with cardiovascular diseases}},
  journal = {Australasian Physical and Engineering Sciences in Medicine},
  year = {2013},
  volume = {36},
  number = {4},
  pages = {441-447},
  doi = {10.1007/s13246-013-0223-z}}

@inproceedings{Watson2013TheExergame,
  author = {Diane Watson and Regan L. Mandryk and Kevin G. Stanley},
  title = {{The design and evaluation of a classroom exergame}},
  booktitle = {ACM Int. Conference Proceeding Series},
  year = {2013}, 
  pages = {34-41},
  doi = {10.1145/2583008.2583013}}

@article{Smallwood2012PhysiologicSchoolchildren,
  author = {Stephen R. Smallwood and Michael M. Morris and Stephen J. Fallows and John P. Buckley},
  title = {{Physiologic responses and energy expenditure of kinect active video game play in schoolchildren}},
  journal = {Archives of Pediatrics and Adolescent Medicine},
  year = {2012},
  volume = {166},
  number = {11},
  pages = {1005-1009},
  doi = {10.1001/archpediatrics.2012.1271}}

@inproceedings{Tachibana2012ParietalExergame,
  author = {Atsumichi Tachibana and Minoru Onozuka and J. Adam Noah and Shaw Bronner and Yumie Ono},
  title = {{Parietal and temporal neural mechanisms with a multimodal exergame}},
  booktitle = {2012 ICME Int. Conference on Complex Medical Engineering, CME 2012 Proceedings},
  year = {2012}, 
  pages = {80-85},
  doi = {10.1109/ICCME.2012.6275737}}

@incollection{Chittaro2012TurningWalking,
  author = {Luca Chittaro and Riccardo Sioni},
  title = {{Turning the classic snake mobile game into a location-based exergame that encourages walking}},
  booktitle = {Lecture Notes in Computer Science (including subseries Lecture Notes in Artificial Intelligence and Lecture Notes in Bioinformatics)},
  year = {2012}, 
  pages = {43-54},
  doi = {10.1007/978-3-642-31037-9_4}}

@article{Howcroft2012ActiveTherapies,
  author = {Jennifer Howcroft and Sue Klejman and Darcy Fehlings and Virginia Wright and Karl Zabjek and Jan Andrysek and Elaine Biddiss},
  title = {{Active video game play in children with cerebral palsy: Potential for physical activity promotion and rehabilitation therapies}},
  journal = {Archives of Physical Medicine and Rehabilitation},
  year = {2012},
  volume = {93},
  number = {8},
  pages = {1448-1456},
  doi = {10.1016/j.apmr.2012.02.033}}

@inproceedings{Gao2012ThePlay,
  author = {Yue Gao and Regan L. Mandryk},
  title = {{The acute cognitive benefits of casual exergame play}},
  booktitle = {ACM CHI},
  year = {2012}, 
  pages = {1863-1872},
  doi = {10.1145/2207676.2208323}}

@inproceedings{Guo2012ExerciseBasedGame,
  author = {Rongkai Guo and John Quarles},
  title = {{Exercise-based interaction techniques for a virtual reality car racing game}},
  booktitle = {Proceedings - IEEE Virtual Reality},
  year = {2012}, 
  pages = {93-94},
  doi = {10.1109/VR.2012.6180898}}

@article{Feltz2012TwoPlayerActivity,
  author = {Deborah L. Feltz and Brandon Irwin and Norbert Kerr},
  title = {{Two-player partnered exergame for obesity prevention: Using discrepancy in players' abilities as a strategy to motivate physical activity}},
  journal = {J. of Diabetes Science and Technology},
  year = {2012},
  volume = {6},
  number = {4},
  pages = {820-827},
  doi = {10.1177/193229681200600413}}

@article{Lyons2012NovelGames,
  author = {Elizabeth J. Lyons and Deborah F. Tate and Stephanie E. Komoski and Philip M. Carr and Dianne S. Ward},
  title = {{Novel approaches to obesity prevention: Effects of game enjoyment and game type on energy expenditure in active video games}},
  journal = {J. of Diabetes Science and Technology},
  year = {2012},
  volume = {6},
  number = {4},
  pages = {839-848},
  doi = {10.1177/193229681200600415}}

@incollection{Gao2011GrabappleExergame,
  author = {Yue Gao and Regan L. Mandryk},
  title = {{GrabApple: The design of a casual exergame}},
  booktitle = {Lecture Notes in Computer Science (including subseries Lecture Notes in Artificial Intelligence and Lecture Notes in Bioinformatics)},
  year = {2011}, 
  pages = {35-46},
  doi = {10.1007/978-3-642-24500-8_5}}

@incollection{Stanley2011GeminiExergame,
  author = {Kevin G. Stanley and Ian J. Livingston and Alan Bandurka and Mohammad Hashemian and Regan L. Mandryk},
  title = {{Gemini: A pervasive accumulated context exergame}},
  booktitle = {Lecture Notes in Computer Science (including subseries Lecture Notes in Artificial Intelligence and Lecture Notes in Bioinformatics)},
  year = {2011}, 
  pages = {65-76},
  doi = {10.1007/978-3-642-24500-8_8}}

@inproceedings{Morelli2011PetNPunchActivity,
  author = {Tony Morelli and John Foley and Lauren Lieberman and Eelke Folmer},
  title = {{Pet-N-punch: Upper body tactile/audio exergame to engage children with visual impairments into physical activity}},
  booktitle = {Proceedings - Graphics Interface},
  year = {2011}, 
  pages = {223-230}}

@article{Song2011PromotingExergame,
  author = {Hayeon Song and Wei Peng and Kwan Min Lee},
  title = {{Promoting exercise self-efficacy with an exergame}},
  journal = {J. of Health Communication},
  year = {2011},
  volume = {16},
  number = {2},
  pages = {148-162},
  doi = {10.1080/10810730.2010.535107}}

@article{Finkelstein2011AstrojumperExergame,
  author = {Samantha Finkelstein and Andrea Nickel and Zachary Lipps and Tiffany Barnes and Zachary Wartell and Evan A. Suma},
  title = {{Astrojumper: Motivating exercise with an immersive virtual reality exergame}},
  journal = {Presence: Teleoperators and Virtual Environments},
  year = {2011},
  volume = {20},
  number = {1},
  pages = {78-92},
  doi = {10.1162/pres_a_00036}}

@article{Lam2011PlayAlternatives,
  author = {Jessica W.K. Lam and Cindy H.P. Sit and Alison M. McManus},
  title = {{Play pattern of seated video game and active "Exergame" alternatives}},
  journal = {J. of Exercise Science and Fitness},
  year = {2011},
  volume = {9},
  number = {1},
  pages = {24-30},
  doi = {10.1016/S1728-869X(11)60003-8}}

@inproceedings{Morelli2010ViBowlingImpairments,
  author = {Tony Morelli and John Foley and Eelke Folmer},
  title = {{VI-bowling: A tactile spatial exergame for individuals with visual impairments}},
  booktitle = {ASSETS'10 - Proceedings of the 12th Int. ACM SIGACCESS Conference on Computers and Accessibility},
  year = {2010}, 
  pages = {179-186},
  doi = {10.1145/1878803.1878836}}

@inproceedings{Gerling2010ExergameSilverbalance,
  author = {Kathrin Maria Gerling and Jonas Schild and Maic Masuch},
  title = {{Exergame design for elderly users: The case study of SilverBalance}},
  booktitle = {ACM Int. Conference Proceeding Series},
  year = {2010}, 
  pages = {66-69},
  doi = {10.1145/1971630.1971650}}

@article{Buttussi2010SmarterGame,
  author = {Fabio Buttussi and Luca Chittaro},
  title = {{Smarter phones for healthier lifestyles: An adaptive fitness game}},
  journal = {IEEE Pervasive Computing},
  year = {2010},
  volume = {9},
  number = {4},
  pages = {51-57},
  doi = {10.1109/MPRV.2010.52}}

@inproceedings{Morelli2010ViTennisImpaired,
  author = {Tony Morelli and John Foley and Luis Columna and Lauren Lieberman and Eelke Folmer},
  title = {{VI-Tennis: A vibrotactile/audio exergame for players who are visually impaired}},
  booktitle = {FDG 2010 - Proceedings of the 5th Int. Conference on the Foundations of Digital Games},
  year = {2010}, 
  pages = {147-154},
  doi = {10.1145/1822348.1822368}}

@inproceedings{Sinclair2009ExergameModel,
  author = {Jeff Sinclair and Philip Hingston and Martin Masek},
  title = {{Exergame development using the dual flow model}},
  booktitle = {Proceedings of the 6th Australasian Conference on Interactive Entertainment, IE 2009},
  year = {2009}, 
  pages = {-},
  doi = {10.1145/1746050.1746061}}

@article{Barkley2009PhysiologicAdults,
  author = {Jacob E. Barkley and Amanda Penko},
  title = {{Physiologic responses, perceived exertion, and hedonics of playing a physical interactive video game relative to a sedentary alternative and treadmill walking in adults}},
  journal = {J. of Exercise Physiology Online},
  year = {2009},
  volume = {12},
  number = {3},
  pages = {12-23}}

@article{Mueller2008DesignTennis,
  author = {Florian Mueller and Martin Gibbs and Frank Vetere and Stefan Agamanolis},
  title = {{Design space of networked exertion games demonstrated by a three-way physical game based on Table Tennis}},
  journal = {Computers in Entertainment},
  year = {2008},
  volume = {6},
  number = {3},
  pages = {-},
  doi = {10.1145/1394021.1394029}}

@article{Russell2008ShortTermAttention,
  author = {William D. Russell and Mark Newton},
  title = {{Short-term psychological effects of interactive video game technology exercise on mood and attention}},
  journal = {Educational Technology and Society},
  year = {2008},
  volume = {11},
  number = {2},
  pages = {294-308}}

@inproceedings{Hysniemi2004ShadowGame,
  author = {Johanna Höysniemi and Anne Aula and Petra Auvinen and Jaana Hännikäinen and Perttu Hämäläinen},
  title = {{Shadow boxer - A physically interactive fitness game}},
  booktitle = {ACM Int. Conference Proceeding Series},
  year = {2004}, 
  pages = {389-392},
  doi = {10.1145/1028014.1028077}}

@article{Pasco2017TheMotivation,
  author = {Denis Pasco and Cédric Roure and Gilles Kermarrec and Zachary Pope and Zan Gao},
  title = {{The effects of a bike active video game on players' physical activity and motivation}},
  journal = {J. of Sport and Health Science},
  year = {2017},
  volume = {6},
  number = {1},
  pages = {25-32},
  doi = {10.1016/j.jshs.2016.11.007}}

%	url = {https://doi.org/10.4314%2Fajpherd.v15i4.47292},
@article{Mcwha_2009,
	doi = {10.4314/ajpherd.v15i4.47292},
	year = 2009,
	month = {oct},
	publisher = {African J.s Online ({AJOL})},
	volume = {15},
	number = {4},
	author = {JA Mcwha and S Horst and GA Brown and I Shaw and BS Shaw},
	title = {Metabolic changes associated with playing active video game against a human and computer opponent},
	journal = {African J. for Physical, Health Education, Recreation and Dance}
}

%	url = {https://doi.org/10.1080%2F1612197x.2016.1199580},
@article{Max_2016,
	doi = {10.1080/1612197x.2016.1199580},
	year = 2016,
	month = {jun},
	publisher = {Informa {UK} Limited},
	volume = {16},
	number = {3},
	pages = {261--275},
	author = {E. J. Max and D. L. Feltz and N. L. Kerr and G. M. Wittenbaum},
	title = {Is silence really golden? Effect of encouragement from a partner or trainer on active video game play},
	journal = {Int. J. of Sport and Exercise Psychology}
}

%	url = {https://doi.org/10.1016%2Fs1350-4533%2801%2900046-7},
@article{O_Connor_2001,
	doi = {10.1016/s1350-4533(01)00046-7},
	year = 2001,
	month = {may},
	publisher = {Elsevier {BV}},
	volume = {23},
	number = {4},
	pages = {267--273},
	author = {Thomas J O'Connor and Shirley G Fitzgerald and Rory A Cooper and Tricia A Thorman and Michael L Boninger},
	title = {Does computer game play aid in motivation of exercise and increase metabolic activity during wheelchair ergometry?},
	journal = {Medical Engineering {\&} Physics}
}

%	url = {https://doi.org/10.24251%2Fhicss.2017.091},
@inproceedings{Amresh_2017,
	doi = {10.24251/hicss.2017.091},
	year = 2017,
	publisher = {Hawaii Int. Conference on System Sciences},
	author = {Ashish Amresh and Rahul Salla},
	title = {Towards a Home-based Virtual Reality Game System to Promote Exercise},
	booktitle = {Proceedings of the 50th Hawaii Int. Conference on System Sciences (2017)}
}

%	url = {https://doi.org/10.1016%2Fj.chb.2016.05.009},
@article{Soltani_2016,
	doi = {10.1016/j.chb.2016.05.009},
	year = 2016,
	month = {oct},
	publisher = {Elsevier {BV}},
	volume = {63},
	pages = {1--8},
	author = {Pooya Soltani and Pedro Figueiredo and Ricardo J. Fernandes and Jo{\~{a}}o Paulo Vilas-Boas},
	title = {Do player performance, real sport experience, and gender affect movement patterns during equivalent exergame?},
	journal = {Computers in Human Behavior}
}

@article{perron2011exergames,
  title={Do exergames allow children to achieve physical activity intensity commensurate with national guidelines?},
  author={Perron, Rachel M and Graham, Courtney A and Feldman, Jamie R and Moffett, Rebecca A and Hall, Eric E},
  journal={Int. J. of Exercise Science},
  volume={4},
  number={4},
  pages={257},
  year={2011},
  publisher={Western Kentucky University}
}

@article{miranda2017energy,
  title={Energy Cost of Active and Sedentary Music Video Games: Drum and Handheld Gaming vs. Walking and Sitting},
  author={Miranda, Edwin and Overstreet, Brittany S and Fountain, William A and Gutierrez, Vincent and Kolankowski, Michael and Overstreet, Matthew L and Sapp, Ryan M and Wolff, Christopher A and MAZZETTI, SCOTT A},
  journal={Int. journal of exercise science},
  volume={10},
  number={7},
  pages={1038},
  year={2017},
  publisher={Western Kentucky University}
}

@article{sanders2014physiologic,
  title={The physiologic and behavioral implications of playing active and sedentary video games in a seated and standing position},
  author={Sanders, Gabriel J and Rebold, Michael and Peacock, Corey A and WILLIAMSON, MEAGAN L and SANTO, ANTONIO S and Barkley, Jacob E},
  journal={Int. journal of exercise science},
  volume={7},
  number={3},
  pages={194},
  year={2014},
  publisher={Western Kentucky University}
}

@article{scheer2014wii,
  title={Wii, Kinect, and Move. Heart rate, oxygen consumption, energy expenditure, and ventilation due to different physically active video game systems in college students},
  author={SCHEER, KRISTA S and SIEBRANT, SARAH M and Brown, Gregory A and Shaw, Brandon S and Shaw, INA},
  journal={Int. journal of exercise science},
  volume={7},
  number={1},
  pages={22},
  year={2014},
  publisher={Western Kentucky University}
}

@article{pyae2016japanese,
  title={When Japanese elderly people play a Finnish physical exercise game: A usability study},
  author={Pyae, Aung and Liukkonen, Tapani N and Saarenp{\"a}{\"a}, Teppo and Luimula, Mika and Granholm, Patric and Smed, Jouni},
  journal={J. of Usability Studies},
  volume={11},
  number={4},
  pages={131--152},
  year={2016},
  publisher={Usability Professionals' Association}
}

@inproceedings{macvean2012ifitquest,
  title={iFitQuest: a school based study of a mobile location-aware exergame for adolescents},
  author={Macvean, Andrew and Robertson, Judy},
  booktitle={Proceedings of the 14th Int. conference on Human-computer interaction with mobile devices and services},
  pages={359--368},
  year={2012},
  organization={ACM}
}

@inproceedings{hardy2014makes,
  title={What makes games challenging?: Considerations on how to determine the challenge posed by an exergame for balance training},
  author={Hardy, Sandro and Kern, Angelika and Dutz, Tim and Weber, Christoph and G{\"o}bel, Stefan and Steinmetz, Ralf},
  booktitle={Proceedings of the 2014 ACM Int. Workshop on Serious Games},
  pages={57--62},
  year={2014},
  organization={ACM}
}

@article{kherdkarn2015acute,
  title={The acute effect of exergame on haemodynamics responses in sedentary and active young adults},
  author={Kherdkarn, Pattama and WIDJAJA, Waree and SIRIPORNPANICH, Vorasith and AJJIMAPORN, Amornpan},
  journal={J. of Sports Science and Technology},
  volume={15},
  number={1},
  pages={121--130},
  year={2015}
}

@inproceedings{nickel2014balancing,
  title={Balancing physical and cognitive challenge: A study of players' psychological responses to exergame play.},
  author={Nickel, Andrea and Payton, Jamie and Barnes, Tiffany and Wikstrom, Erik and Burgos, Maybellin and Wartell, Zachary and Pendergrass, Mykel and Blanchard, Nate and Thomas, Brian},
  booktitle={FDG},
  year={2014}
}

@inproceedings{mokka2003fitness,
  title={Fitness computer game with a bodily user interface},
  author={Mokka, Sari and V{\"a}{\"a}t{\"a}nen, Antti and Heinil{\"a}, Juhani and V{\"a}lkkynen, Pasi},
  booktitle={Proceedings of the second Int. conference on Entertainment computing},
  pages={1--3},
  year={2003},
  organization={Carnegie Mellon University}
}

@article{pollock2013validity,
  title={Validity of Borg ratings of perceived exertion during active video game play},
  author={Pollock, Brandon S and Barkley, Jacob E and Potenzini, Nick and DeSalvo, Renee M and Buser, Stacey L and Otterstetter, Ronald and Juvancic-Heltzel, Judith A},
  journal={Int. journal of exercise science},
  volume={6},
  number={2},
  pages={164},
  year={2013},
  publisher={Western Kentucky University}
}

@article{eason2016comparison,
  title={A Comparison of Energy Expenditure and Heart Rate Response Between a Dance-Based Group Fitness Class and a Dance-Based Video Game on the Xbox Kinect},
  author={Eason, Jane M and York, Ashlee and LeJeune, Casey and Norris, Stefan},
  journal={Cardiopulmonary Physical Therapy J.},
  volume={27},
  number={2},
  pages={62--67},
  year={2016},
  publisher={LWW}
}